2564 4770
716 336 761 459 no

221 610 225 613 ’
255 598 366 695 niens,
389 615 426 675 nt
440 601 552 675 omnis
574 596 670 688 fidei,
694 599 718 672 i.
738 625 768 673 e.
793 599 899 696 ipsius
914 612 1100 676 contractus
1114 630 1208 706 nup-

252 736 340 809 tialis
363 728 522 815 violatio,
556 725 599 797 ab
623 736 764 823 utraque
789 738 885 840 parte
897 780 908 817 ,
942 729 1089 829 ipsarum
1115 757 1210 832 nup..
1245 765 1250 778 ,

252 866 376 936 darum
404 850 692 943 dissolvendarum
722 872 855 926 causam
880 854 1047 951 praebeat.

300 984 403 1082 Quod
428 982 470 1056 ad
498 980 663 1081 pudorem
684 981 822 1069 attinet,
857 1005 964 1078 neque
1002 981 1057 1055 ille
1085 982 1227 1083 probi*¹

178 1127 180 1132 ’
250 1117 348 1204 bere,
386 1109 485 1184 nobis
509 1106 665 1196 videtur,
701 1106 883 1206 quominus
917 1131 1007 1180 uxor.
1039 1109 1209 1207 querelam

150 1254 154 1259 ’
232 1252 383 1327 ,moveat
403 1239 440 1308 in
463 1232 588 1332 judicio
618 1232 660 1305 de
689 1232 803 1304 mariti
831 1232 964 1308 levitate
990 1247 1024 1306 et
1056 1234 1222 1326 libidine„

204 1394 211 1404 ¹
248 1372 343 1463 Quae
369 1365 459 1438 enim
486 1361 557 1437 vita
593 1338 729 1450 durior,
769 1384 853 1457 quae
880 1360 1066 1451 infelicior,
1104 1388 1222 1462 quam·

246 1495 382 1584 uxoris,
420 1514 522 1589 quac,
561 1485 693 1584 privata
727 1484 769 1556 ab
795 1485 949 1584 conjugis
989 1487 1041 1558 sui
1069 1513 1207 1577 amore,

222 1610 396 1715 ‘quotidie
427 1609 497 1681 dies
520 1601 685 1677 solitarias
713 1601 806 1675 dorni
833 1605 928 1677 triste
946 1604 1097 1706 peragit,
1122 1604 1209 1679 dnm

157 1801 165 1817 .
247 1741 402 1815 maritus
418 1737 454 1848 ιιι
482 1732 612 1808 luxurie
638 1744 671 1803 et
702 1728 840 1802 libidine
869 1757 947 1805 cum
972 1732 1037 1804 alia
1067 1731 1209 1838 muliere

246 1868 335 1944 vivit
357 1877 390 1938 et
414 1863 548 1936 ineam
576 1882 691 1931 omnes
713 1882 769 1930 eas
797 1834 954 1929 transfert
982 1882 1082 1930 curas
1105 1871 1216 1958 atque

247 1988 505 2075 sollicitudines,
531 2009 613 2082 quas
640 1984 810 2080 legitimae
832 2008 934 2056 ιιιοιι
919 1982 1121 2058 ostendere
1148 2009 1211 2057 so-

245 2117 370 2204 binus,
395 2136 479 2213 quae
503 2109 642 2180 fortasse
667 2108 826 2179 omnibus
855 2123 965 2200 caret,
991 2110 1073 2185 dum
1098 2113 1209 2184 mari-

232 2258 301 2318 tus
322 2235 566 2344 patrimonium
583 2259 682 2306 suum
703 2233 739 2304 in
759 2235 870 2304 omnis
893 2236 1026 2375 generis
1039 2237 1211 2342 intempe-

246 2370 384 2443 rantiis
394 2363 565 2465 dilapidat.
626 2360 730 2454 QuiS,
769 2360 869 2432 talem
899 2360 1125 2437 miserrimam
1148 2365 1217 2465 fe-⁴

243 2497 373 2572 minam
398 2517 491 2583 esse,
524 2513 594 2562 non
606 2487 773 2565 sentin?
811 2488 917 2578 Quis
921 2500 1017 2586 putet
1039 2517 1114 2563 eam
1138 2493 1212 2564 im-

172 2652 175 2660 ’
245 2622 379 2766 pudice
391 2644 507 2720 agere,
529 2642 609 2690 cum
632 2616 676 2688 ab
707 2615 767 2688 illo
792 2614 937 2688 infausto
958 2617 1093 2690 vinculo
1117 2617 1210 2693 libe.

74 2776 78 2783 ’
129 2724 136 2728 ⁵
246 2741 334 2826 rari
344 2748 484 2850 cupiat?

161 2864 165 2868 ⁵
195 2873 214 2911 '⁰
291 2880 342 2953 Ne
380 2877 456 2976 quis
493 2873 596 2946 etiam
624 2848 759 2960 credat,
798 2870 901 2943 hocce
931 2871 1037 2944 modo
1065 2869 1209 2944 dimini-

162 3010 164 3014 ’
243 3021 355 3078 turam
403 3003 496 3074 fore
514 3001 703 3080 maritalem
741 3009 949 3095 potestatem.
1009 2997 1073 3071 Illa
1114 3000 1208 3073 enim

164 3190 167 3195 .
241 3143 389 3235 potestas
416 3108 546 3226 semper
575 3126 673 3223 justis
696 3124 861 3234 limitibus
885 3127 1117 3200 circumscribi
1143 3127 1208 3200 de·
1266 3197 1269 3208 ,

126 3267 132 3276 .
225 3261 319 3351 Μ,
360 3266 467 3356 neque
499 3279 666 3354 umquam
695 3251 732 3322 in
765 3253 976 3351 tyrannidem
1016 3254 1107 3327 abire
1134 3280 1206 3350 po

132 3419 135 3429 ’
242 3401 321 3463 test.
372 3387 449 3460 Hoc
473 3393 584 3454 autem
608 3393 695 3465 certe
731 3377 870 3468 accidit,
909 3381 937 3452 si
973 3406 1058 3453 uxor
1086 3369 1221 3454 omnes*

242 3513 355 3586 mariti
382 3511 673 3611 intemperantias,
707 3506 863 3579 libidines
900 3521 934 3580 ct
962 3505 1203 3614 dissipationes

329 3862 346 3892 u
356 3840 424 3909 ringo
442 3847 481 3891 est
499 3859 534 3892 un
550 3847 653 3893 contrat
669 3838 787 3903 mutoel,
813 3837 834 3888 il
852 3835 968 3888 entraine
984 3854 1031 3904 per
1047 3840 1208 3908 conrdqnent

332 3953 347 3984 a
360 3950 408 3985 nnc
427 3931 587 4000 re'ciprocite
606 3933 639 3983 dc
658 3930 742 3984 droitr
758 3936 784 3981 et
803 3929 836 3980 dc
853 3926 993 3986 devoirs.'’
