2564 4770
606 425 693 517 ,2¹
884 502 887 506 ,

194 652 266 712 tum
297 638 459 738 temporis
486 638 630 738 spatium
655 639 808 729 duravit,
848 643 914 713 uec'
935 643 1148 740 pronuntiata

192 767 257 838 suit
281 765 560 867 propteruxoris
588 764 802 842 adulterium.

216 952 219 956 .
240 896 274 969 7.
300 898 431 982 Furor,
455 893 621 967 dementia
645 894 700 969 vel
720 893 918 993 impotentia
947 895 1045 969 unius
1064 920 1150 969 cou-

194 1020 297 1120 jugis.
412 1068 413 1071 =

598 1262 652 1383 ‘a
680 1277 718 1359 2.

492 1621 495 1624 .
539 1535 597 1609 De
620 1535 802 1615 Adulterio

239 1769 452 1869 Adulterium
480 1782 530 1841 est
552 1771 680 1843 crimen
704 1773 964 1871 gravissimum,
987 1800 1056 1874 quo
1072 1802 1156 1848 mu-.

193 1910 250 1968 tua
264 1894 368 1986 fides,
393 1922 413 1967 a
426 1895 630 1993 coniugibus
644 1896 707 1968 sibi
730 1897 876 1973 invicem
899 1912 1050 1998 tempore
1065 1927 1155 2001 nup-

150 2113 153 2122 ·
191 2025 317 2095 tiarum
341 2035 589 2094 contractarum
609 2022 798 2124 promissa,
821 2023 964 2098 laeditur
972 2080 988 2118 ‚‚
1008 2053 1077 2127 quo
1100 2027 1154 2104 lex

193 2149 354 2249 primaria
367 2161 556 2222 contractus
579 2148 738 2249 nuptialis
762 2151 867 2251 igitur
886 2152 1056 2247 violatur,
1080 2180 1150 2255 quo

191 2303 259 2381 pax
284 2276 463 2349 domestica
485 2291 517 2349 et
541 2276 636 2376 quies
660 2276 866 2351 familiarum
890 2279 1067 2353 turbatur:
1092 2306 1154 2352 uec

191 2403 316 2477 mirum
333 2403 456 2501 igitur,
482 2402 518 2475 id
543 2403 634 2502 apud
655 2411 770 2476 omnes
790 2404 936 2503 populos
951 2405 1000 2476 uti
1022 2406 1156 2505 princi·
1194 2424 1195 2429 ’

192 2512 303 2630 palem
313 2529 500 2607 divertendi
514 2555 648 2602 causam
659 2543 1004 2632 receptum,esse,‘nec
1016 2534 1157 2628 mirum,

193 2656 361 2730 adulteros
387 2683 406 2726 a
433 2655 534 2727 bonis
559 2670 592 2728 et
623 2657 741 2754 probis
775 2658 930 2733 omnium
960 2673 1155 2758 temporum

195 2794 268 2853 atra
298 2779 439 2878 caligine
466 2805 537 2851 esse
562 2792 705 2854 notatos.
1065 2786 1067 2790 ’

240 2909 407 3006 Magnum
444 2919 556 2977 autem
593 2904 774 3012 discrimen
812 2905 911 2978 multi
952 2907 1157 3007 legislatores

138 3101 142 3116 ,
193 3037 338 3108 fecerunt
361 3035 449 3107 inter
468 3033 585 3107 uxoris
607 3045 642 3105 et
663 3026 784 3105 mariti
797 3031 1009 3112 adulterium.
1047 3036 1157 3112 Adul-
1197 3015 1198 3018 ,
1240 3116 1242 3121 f

159 3137 162 3140 Δ
193 3165 317 3238 terium
350 3163 465 3236 uxoris
499 3187 630 3262 semper
658 3153 850 3234 indistincte
876 3189 1009 3237 causam
1039 3163 1155 3240 diver-

191 3289 282 3365 tendi
298 3289 471 3388 praebuit:
494 3304 527 3361 et
547 3302 633 3362 recte
648 3288 807 3389 quidem,
830 3291 1050 3390 gravissimos
1062 3289 1154 3359 enirn

193 3419 293 3492 habet
324 3416 470 3490 effectus.
519 3417 598 3492 Non
617 3427 756 3498 stantum
785 3417 876 3489 enim
907 3418 1031 3512 conjux
1056 3412 1155 3486 adul-'

174 3556 176 3560 ‘
195 3559 265 3618 tera
289 3552 443 3618 mutuam
466 3542 566 3616 fidem
580 3544 686 3628 violat
695 3596 710 3634 ,¹
730 3568 850 3619 verum
869 3541 969 3613 etiam
981 3532 998 3630 ,¹
1014 3553 1164 3640 propter*

194 3673 288 3745 illam
311 3673 395 3769 juris
418 3671 591 3771 regulam:
617 3667 723 3764 Pater
750 3676 801 3740 est
824 3683 918 3768 quero
946 3671 1076 3770 nuptroe
1092 3667 1158 3740 'de-

195 3807 392 3888 monstraut,
432 3798 468 3870 in
495 3793 622 3870 familia
647 3796 772 3869 liberos
804 3819 844 3867 ex
873 3794 1058 3894 peregrinis
1081 3819 1166 3866 am*

160 3940 163 3949 '
199 3926 352 4025 plexibus
379 3938 475 3997 natos
500 3922 701 4014 introducit,
729 3922 789 4022 qui
819 3919 934 3996 iisdem
964 3920 1094 4018 juribus
1121 3942 1159 3987 ac
