2564 4770
699 412 744 481 38

246 619 372 696 Uxoris
397 645 477 694 vero
503 620 550 690 ita
572 618 745 694 derelictae
765 619 912 691 conditio
940 633 989 692 est
1015 622 1203 694 miserrima

245 759 278 818 et
300 745 544 834 infelicissima,
573 746 616 818 ab
643 746 702 818 illo
724 747 814 820 enim
845 749 905 847 qui
931 748 1057 820 victum
1085 751 1203 847 quoti-

230 864 381 938 'dianum
403 865 546 937 familiae
571 892 647 941 suae
669 892 862 963 comparare
883 880 917 939 et
940 892 1094 966 quaerere
1114 868 1204 940 sole-

242 991 302 1062 bat
327 991 477 1090 privata,
517 1017 560 1064 au
589 990 762 1084 mortuus,
790 1021 831 1064 an
859 993 959 1069 vivus
988 995 1030 1065 sit
1063 995 1203 1068 maritus
1261 1015 1265 1025 ’

240 1117 412 1217 nesciens,
450 1118 488 1191 in
513 1132 708 1218 paupertate
728 1109 768 1193 ¹et
795 1119 925 1199 miserie
953 1120 1059 1198 vitam
1088 1119 1205 1220 degere

238 1258 355 1321 coacta
382 1257 451 1334 est,
478 1260 547 1319 non
570 1259 680 1344 potest
697 1272 778 1349 erge
800 1247 923 1323 liberos
943 1245 1038 1321 illam
1051 1234 1206 1322 adhibere

242 1395 358 1447 eoram
393 1372 490 1466 cujus
523 1372 700 1470 indigent,
730 1398 836 1471 neque
863 1397 981 1450 eoram
1017 1371 1205 1447 educationi

135 1516 138 1524 ’
238 1496 445 1596 prospicere:
480 1523 559 1572 curu
593 1497 652 1569 tali
675 1498 764 1571 tristi
784 1499 819 1571 in
842 1496 1054 1587 conditione,
1082 1525 1100 1571 a
1132 1497 1206 1597 lege

135 1659 140 1662 ν
241 1639 335 1699 uoro
358 1620 534 1697 interdicto
559 1624 794 1716 matrimonio,
822 1638 963 1724 cogatur
985 1625 1023 1697 in
1044 1638 1206 1723 perpetuo

237 1747 405 1826 ‚coelibatu
431 1747 587 1841 manere,
622 1749 719 1826 facile
747 1750 871 1827 incidet
897 1752 934 1824 in
961 1777 1097 1826 morum
1126 1750 1209 1825 lrbi-

241 1873 374 1966 dinem,
412 1889 446 1951 et
484 1876 610 1953 illicitis
648 1901 683 1952 re
706 1875 836 1955 addicet
858 1876 1050 1965 amoribus,
1085 1889 1120 1948 et
1144 1903 1206 1953 ex-

239 2002 318 2075 iuda
330 2003 517 2079 liberorum
539 2003 777 2079 derelictorum
790 2002 844 2078 val
864 2003 981 2079 saltem
1004 2003 1205 2077 naturalium

128 2147 130 2150 ’
238 2152 398 2201 uumerus
431 2127 617 2224 augebitur.
669 2125 708 2199 Si
733 2140 851 2235 ¹contra
877 2141 956 2224 post
989 2128 1084 2228 lorgi
1118 2143 1205 2203 tem-

175 2266 178 2271 '
239 2255 334 2351 poris
371 2252 555 2354 absentiam
581 2251 680 2327 ruori
715 2252 941 2350 permittitur,
984 2277 1091 2332 noras
1123 2257 1207 2334 inire

240 2381 398 2477 nuptias,
437 2392 566 2454 arcetur
600 2379 644 2452 ab
674 2377 781 2454 illiciti
809 2390 843 2465 et
866 2378 961 2478 uetiti
988 2360 1114 2451 amoris
1134 2393 1208 2457 atu-

238 2504 313 2593 dio,
340 2517 377 2575 at
402 2505 436 2575 in
460 2528 564 2582 novo·
580 2505 702 2577 marito
728 2516 764 2577 et
789 2503 855 2579 sibi
883 2517 917 2580 et
939 2503 1054 2579 liberis
1076 2507 1208 2605 praesi-

240 2628 344 2707 dium,
363 2613 534 2732 acquirere
569 2641 685 2728 potest
706 2643 824 2703 contra
860 2630 1033 2706 miseriam
1057 2645 1092 2705 et
1118 2660 1207 2732 pau·

223 2732 424 2857 imarum,
445 2770 480 2829 et
493 2755 588 2831 utiles
612 2754 722 2831 adhuc
740 2758 831 2834 cives
852 2783 896 2835 ex
914 2758 1205 2844 aaciritatinrsd

240 2898 418 2985 possum,-
443 2885 566 2984 quibus
604 2883 795 2982 ceteroquin
829 2884 888 2963 illa
923 2886 1058 2994 privata
1094 2886 1208 2970 fuisset

116 3074 120 3086 „
241 3026 381 3107 propter
415 3012 540 3112 prioris
578 3013 690 3086 mariti
727 3011 909 3086 aboeutiam
938 3009 1009 3108 (l).
1046 3011 1123 3089 ⁴Sed
1152 3012 1208 3090 di·-

161 3193 163 3197 >
243 3149 324 3210 eunt
341 3138 509 3211 'nonnulli
536 3136 661 3213 durum
692 3135 780 3210 forat
803 3137 949 3225 marito,
977 3137 1055 3236 qui,
1086 3151 1124 3214 ut
1156 3140 1209 3215 fa-

242 3262 354 3337 miliae
390 3287 467 3337 suaa
505 3261 732 3339 conditionem
758 3255 969 3353 emendaret,
1005 3264 1107 3361 abiit,
1147 3241 1210 3340 suo

244 3393 357 3476 ratila,
378 3393 557 3491 conjugem
585 3417 680 3467 suam
704 3392 740 3469 in
767 3392 851 3468 alius
879 3390 1093 3490 conplexibus
1111 3390 1209 3468 inre·

244 3519 317 3590 nire
324 3570 335 3609 ,
366 3546 571 3620 quanrquaro
601 3521 685 3598 eitra
708 3519 813 3597 ullam
833 3546 927 3596 suam
956 3519 1114 3618 culpam,
1135 3518 1208 3595 dira

246 3648 438 3723 vnecesaritate
453 3661 486 3724 at
514 3656 647 3746 maguis
672 3649 918 3762 calamitatibus
940 3659 1094 3736 coaetus,
1129 3647 1206 3725 nul-

238 3917 309 4033 fri)
328 3952 452 4022 uocat,
472 3956 490 4006 1.
509 3957 527 4007 ι.
548 3976 574 4025 p.
592 3958 634 4009 aa.
695 3951 698 3956 ·
