2564 4770
549 416 595 488 65

96 629 168 697 tatis
195 623 291 700 valde
321 625 456 696 interest
474 621 747 712 matrimonium,
769 621 825 695 illa
844 610 946 698 etiam
964 651 1049 698 oon-

54 772 60 779 ’
93 752 234 824 ditiones
256 763 290 821 et
316 749 450 822 effectus
471 750 544 847 ejus
569 752 673 849 regit,
703 762 804 850 atque
826 776 887 823 suo
916 753 1051 825 nomine

93 892 163 950 eta
183 905 244 950 suo
264 876 414 978 delegato
442 869 617 953 vinculum
638 878 811 977 coujugale
830 878 1056 959 contrabitur,

90 1006 245 1102 Denique
275 1018 308 1076 et
335 1004 518 1077 liberorum
547 1028 664 1093 causa,
697 992 735 1074 ut
761 1004 892 1081 salvum
920 1020 1050 1078 maneat

92 1130 343 1203 matrimonium
367 1126 634 1229 quammaximi
658 1132 819 1203 momenti
845 1144 905 1206 est.
1016 1207 1019 1210 ,

100 1293 104 1298 ’
140 1255 204 1328 Sed
227 1250 588 1356 'quamquam'horum
620 1257 771 1328 omnium
802 1258 955 1348 interest,
988 1260 1052 1329 fir-

88 1408 160 1453 mas
183 1395 282 1480 atque
304 1382 441 1455 stabiles
459 1408 529 1455 esse
558 1383 712 1480 nuptias,
737 1395 848 1454 tamen
871 1385 972 1455 etiam
993 1385 1049 1455 in-

89 1521 186 1580 terest
215 1510 362 1606 separari
384 1512 561 1609 conjuges,
585 1509 643 1607 qui
664 1508 808 1607 amplius
825 1510 931 1584 vitam
951 1535 1051 1603 com

88 1658 224 1706 munem
252 1631 371 1729 degere
395 1656 463 1702 non
492 1647 665 1729 possunt!
692 1633 758 1705 Sed
784 1636 862 1731 quis
887 1635 1050 1735 judicabit

89 1788 131 1831 au
148 1785 185 1832 re
205 1784 284 1833 vera
308 1757 454 1831 taedium
473 1771 507 1830 et
531 1758 662 1830 satietas
686 1739 870 1857 conjugum
887 1762 932 1832 ita
959 1736 1027 1833 sint
1038 1815 1047 1851 ,

88 1898 126 1956 ut
160 1910 278 1958 eorum
315 1883 480 1982 separatio
508 1884 551 1954 sit
581 1885 788 1957 necessaria?
831 1885 960 1958 Liberi
986 1885 1050 1959 bac

86 2013 127 2083 de
153 2038 189 2083 re
213 2031 416 2114 cognoscere
440 2033 509 2081 non
535 2020 698 2106 possunt,
721 2023 801 2083 tuuc
817 2013 908 2084 enim
935 1990 1049 2085 laede»¹

88 2149 180 2207 retur
205 2136 315 2236 patria
342 2145 489 2234 'potestas
517 2161 556 2241 ac
585 2138 768 2209 reverentia
798 2163 1048 2237 quam-paren-

87 2262 178 2335 tibus
215 2261 360 2352 debent,
405 2262 523 2336 civitas
563 2287 671 2359 neque
716 2259 782 2335 hoc
828 2265 934 2337 iacere
981 2293 1049 2364 po-

85 2400 169 2476 test,
199 2401 280 2460 tunc
306 2388 398 2460 enim
427 2389 462 2459 in
488 2387 762 2488 judicioerponi
789 2390 946 2464 deberent
974 2394 1045 2466 dis-

84 2514 249 2585 sensioues
270 2526 304 2584 et
323 2511 530 2604 discordiae,
554 2526 587 2584 et
607 2515 710 2586 nimia
737 2515 802 2588 lata
824 2531 972 2616 potestas
987 2521 1045 2617 ju-

82 2637 211 2712 dicibus
240 2638 448 2711 concedenda
477 2665 516 2712 ac
546 2639 646 2735 nimis
673 2667 792 2714 eorum
821 2645 961 2716 arbitrio
986 2672 1042 2717 re-

79 2762 301 2863 linquendum
323 2773 418 2840 esset.
467 2765 583 2866 Neque
611 2767 711 2836 etiam
740 2766 819 2838 solis
840 2768 1039 2866 conjugibus

81 2890 228 2990 relinqui
251 2902 378 2987 potest,
405 2903 444 2963 ut
471 2890 534 2963 bac
561 2891 603 2963 de
630 2917 665 2963 re
693 2891 860 2987 judicent,
886 2907 1040 2966 metuen-

80 3016 162 3090 dum
187 3016 277 3089 enim
302 3042 343 3088 ue
371 3015 583 3115 indulgerent
609 3016 870 3118 inconstantiae,
894 3017 1039 3112 levitati,
1070 3059 1073 3064 v

80 3143 135 3217 va
155 3142 226 3213 aas
244 3143 554 3216 autumaremus.
605 3142 693 3215 sous
714 3144 815 3243 igitur
833 3125 1037 3220 adscenden-

78 3267 171 3339 tibus
196 3266 423 3340 mandandum
451 3283 521 3358 est,
545 3282 582 3340 ut
600 3269 643 3341 de
666 3268 764 3367 hujus
787 3248 832 3342 rei
860 3275 1037 3345 necessita-

79 3406 111 3464 te
139 3393 309 3490 judicent,
339 3408 378 3466 et'
406 3394 483 3495 quis
511 3394 577 3467 boc
610 3396 728 3469 melius
762 3399 867 3468 facere
892 3399 1033 3496 posset?

79 3520 294 3620 Cognoscunt
322 3520 409 3593 enim
436 3522 620 3594 liberorum
644 3498 869 3595 conditionem
899 3523 1035 3597 domes-

78 3646 202 3735 ticam,
226 3649 337 3721 s'ciunt
362 3648 474 3756 omnia
496 3674 581 3749 quae
603 3650 689 3722 inter
717 3653 866 3749 privatos
893 3651 1036 3750 parietes

77 3772 250 3870 accidunt,
283 3775 405 3849 barum
437 3776 578 3882 denique
611 3776 759 3849 rixarum
787 3790 821 3848 et
844 3767 1033 3851 'discordia-

76 3926 152 3976 rum
175 3927 291 3975 causae
314 3904 354 3975 iis
377 3915 454 3975 sunt
476 3905 645 4004 cognitae,
671 3906 770 3978 netno
792 3904 897 4004 igitur
915 3904 1030 3981 melius

865 4038 887 4104 5
962 4103 969 4117 .
