2564 4770
546 388 759 496 „ae

153 608 155 612 ”
254 627 458 704 quamquam
483 601 537 691 id,
564 626 641 675 cnm
660 601 920 702 obligationibus
943 605 1010 676 suis
1031 606 1065 676 in
1090 611 1215 706 nuptiis

256 728 491 807 contrahendis
512 728 690 826 susceptis,
714 753 784 799 non
805 729 1000 821 satisfaciat,
1023 732 1109 806 lacto
1134 736 1215 833 qui-

253 856 332 930 dem
358 855 505 952 rumpit:
528 863 570 926 et.
584 880 673 926 nunc
694 856 832 954 conjugi
859 841 990 930 deserto
1015 859 1075 954 jus
1094 885 1231 933 mnes--

255 981 350 1055 ditur
374 979 500 1058 vinculi
527 980 714 1080 conjugalis
744 982 944 1062 solutionem
972 986 1123 1082 petendi,
1146 1013 1216 1088 quo

194 1178 197 1184 .
253 1121 364 1183 autem
384 1110 458 1205 jum
474 1108 601 1186 veluti
624 1108 678 1184 vel
703 1134 771 1181 non
794 1111 844 1182 uti
869 1123 979 1208 potest
1002 1112 1045 1183 ad
1066 1112 1217 1206 libitum,

251 1236 357 1336 ‚igitur
384 1261 452 1306 non
490 1234 661 1310 voluntate
696 1237 799 1311 solius
836 1238 990 1336 conjugis
1023 1237 1199 1312 deserentis
1206 1292 1218 1332 ,

255 1362 313 1434 sed
340 1363 471 1436 tantum
491 1387 532 1434 cx
558 1361 718 1460 petitione
745 1341 897 1460 conjugis
919 1363 1062 1453 deserti,
1099 1366 1243 1464 conju?

252 1488 347 1586 giam
373 1485 536 1580 solvitnr3
560 1464 624 1558 nisi
647 1487 739 1560 dicas
762 1501 797 1560 et
819 1487 982 1561 adalberio
1011 1516 1045 1564 r.
1061 1516 1090 1564 c
1120 1493 1220 1564 nnius

206 1664 208 1668 »
252 1614 407 1712 conjugis
433 1614 607 1690 voluntate
631 1614 771 1688 dissolvi
796 1615 1062 1692 matrimonium.
1138 1665 1141 1670 -

259 1806 261 1810 ,
303 1741 564 1830 Recensnimus,
590 1754 690 1838 atque
723 1739 975 1840 quodammodo
1003 1742 1219 1821 refutavimus

255 1880 452 1968 argumenta
477 1880 593 1940 contra
619 1862 708 1940 hanc
730 1866 916 1944 divertendi
941 1856 1075 1942 causam
1101 1869 1217 1960 allata,

253 2001 288 2065 et
316 1974 462 2067 vidimus
481 2007 539 2082 nt,
574 1995 729 2091 quamvis
756 1992 890 2067 difficile
913 1994 957 2066 sit
979 2021 1118 2070 ¹omnem
1147 2000 1220 2095 ejus

254 2117 397 2212 abusum
419 2118 632 2216 praevenire,
655 2117 865 2191 collusiones.
878 2121 965 2194 inter
980 2123 1137 2223 conjuges
1157 2148 1221 2222 pro

190 2327 200 2339 .
233 2231 247 2279 ,·
256 2244 405 2332 maxima
424 2256 553 2315 tamen
580 2255 675 2340 parte
693 2297 696 2300 «
711 2246 818 2320 averti
850 2248 1001 2343 possint,
1031 2249 1059 2319 si
1092 2262 1222 2322 tantum

248 2372 335 2453 ,satis
356 2372 497 2468 longum
522 2371 684 2467 temporis
713 2373 882 2469 spatium,
904 2400 926 2446 e
953 2373 1030 2472 lege
1048 2373 1223 2466 delinitur,

256 2509 437 2596 antequam
472 2500 595 2594 conjnx
621 2496 768 2598 dese‘rtus
795 2492 959 2588 actionem
983 2525 1077 2573 suam
1105 2517 1223 2576 contra

254 2626 436 2724 conjugem
455 2622 658 2698 deserentem
679 2626 851 2699 instituere
864 2637 985 2723 potest.
1017 2626 1086 2701 Sed
1100 2653 1225 2726 qnam
1255 2684 1256 2687 ,

141 2832 144 2835 ,
197 2779 360 2852 „qnam
400 2751 502 2825 habet
538 2752 679 2826 fortasse
711 2752 881 2829 nonnulla.
915 2753 1162 2844 incommoda,
1188 2757 1224 2828 in

230 2875 232 2879 ’
255 2881 422 2977 >praesenti
450 2906 564 2954 rerum
586 2875 819 2980 conditione,',
833 2906 957 2983 magna
986 2881 1103 2955 offerro
1125 2903 1224 2957 com-

236 3005 361 3101 moda
383 3007 526 3092 videtur.
574 3007 683 3081 Nemo
711 3007 802 3080 enim
819 3008 944 3082 infitias
968 3007 1147 3096 ibit,.non
1163 3007 1227 3082 od-

45 3108 77 3149 ⁵
127 3150 143 3160 ·’
258 3129 401 3205 modum.
426 3156 521 3208 raros
541 3156 611 3204 csse
628 3156 744 3221 casus,
767 3134 957 3232 praecipue,
971 3131 1064 3234 apud
1086 3134 1228 3211 infcrio-

260 3254 471 3330 ris'ordinis
504 3255 676 3347 homines,
705 3259 909 3332 maritorum
941 3261 1026 3360 qui,
1056 3260 1226 3358 tumidita-

259 3369 350 3458 tibus
376 3360 443 3458 suis
471 3361 618 3476 satiatis,
641 3410 682 3458 ex
709 3387 812 3460 animi
840 3376 1060 3461 inconstantia
1080 3399 1115 3458 et
1138 3386 1225 3464 leri-

259 3524 345 3601 tate,
381 3539 422 3585 ex
453 3514 535 3589 nori
570 3514 694 3585 amoris
726 3512 900 3611 cupidine,
936 3513 992 3590 rel
1028 3537 1071 3618 cx
1098 3513 1225 3588 vinculi

235 3614 239 3625 ¹
259 3639 447 3744 conjugalis
470 3639 579 3712 taedio
591 3652 625 3712 et
651 3639 879 3738 impatientia,
902 3639 1224 3749 domumcommn-

252 3789 339 3840 ,nem
379 3757 552 3859 deserunt,
593 3780 627 3839 et
667 3768 849 3870 conjugem
884 3790 979 3840 suam
1020 3764 1243 3871 relinquunt

264 3890 507 3966 Tristissimam
547 3895 623 3968 talis
669 3894 781 3969 moris
820 3895 966 3970 decadae
1003 3893 1227 3968 conditionem
