<?xml version="1.0" encoding="UTF-8"?>
<!DOCTYPE html PUBLIC "-//W3C//DTD XHTML 1.0 Transitional//EN"
    "http://www.w3.org/TR/xhtml1/DTD/xhtml1-transitional.dtd">
<html xmlns="http://www.w3.org/1999/xhtml" xml:lang="en" lang="en">
 <head>
  <title>
</title>
<meta http-equiv="Content-Type" content="text/html;charset=utf-8" />
  <meta name='ocr-system' content='tesseract 3.04.00' />
  <meta name='ocr-capabilities' content='ocr_page ocr_carea ocr_par ocr_line ocrx_word'/>
</head>
<body>
  <div class='ocr_page' id='page_1' title='image "./specimenjuridic00knotgoog_0040.png"; bbox 0 0 2564 4770; ppageno 0'>
   <div class='ocr_carea' id='block_1_1' title="bbox 531 439 575 512">
    <p class='ocr_par' dir='ltr' id='par_1_1' title="bbox 531 439 575 512">
     <span class='ocr_line' id='line_1_1' title="bbox 531 439 575 512; baseline 0.068 -3"><span class='ocrx_word' id='word_1_1' title='bbox 531 439 575 512; x_wconf 81' lang='lat'><strong>29</strong></span> 
     </span>
    </p>
   </div>
   <div class='ocr_carea' id='block_1_2' title="bbox 72 607 1143 997">
    <p class='ocr_par' dir='ltr' id='par_1_2' title="bbox 72 607 1143 997">
     <span class='ocr_line' id='line_1_2' title="bbox 73 607 1030 728; baseline -0.004 -22"><span class='ocrx_word' id='word_1_2' title='bbox 73 635 170 706; x_wconf 87' lang='lat' dir='ltr'><strong>tacite</strong></span> <span class='ocrx_word' id='word_1_3' title='bbox 195 632 279 705; x_wconf 87' lang='lat' dir='ltr'><strong>ferre</strong></span> <span class='ocrx_word' id='word_1_4' title='bbox 312 626 431 717; x_wconf 87' lang='lat' dir='ltr'><strong>debet,</strong></span> <span class='ocrx_word' id='word_1_5' title='bbox 460 628 487 699; x_wconf 94' lang='lat' dir='ltr'><strong>si</strong></span> <span class='ocrx_word' id='word_1_6' title='bbox 518 607 645 716; x_wconf 81' lang='lat' dir='ltr'><strong>deserta</strong></span> <span class='ocrx_word' id='word_1_7' title='bbox 679 625 713 699; x_wconf 89' lang='lat' dir='ltr'><strong>iu</strong></span> <span class='ocrx_word' id='word_1_8' title='bbox 753 639 826 698; x_wconf 91' lang='lat' dir='ltr'><strong>toro</strong></span> <span class='ocrx_word' id='word_1_9' title='bbox 863 628 1030 728; x_wconf 84' lang='lat' dir='ltr'><strong>conjugali</strong></span> 
     </span>
     <span class='ocr_line' id='line_1_3' title="bbox 72 751 1033 858; baseline -0.008 -24"><span class='ocrx_word' id='word_1_10' title='bbox 72 763 181 858; x_wconf 89' lang='lat' dir='ltr'><strong>jacere</strong></span> <span class='ocrx_word' id='word_1_11' title='bbox 212 758 328 845; x_wconf 85' lang='lat' dir='ltr'><strong>dehet,</strong></span> <span class='ocrx_word' id='word_1_12' title='bbox 370 754 451 829; x_wconf 86' lang='lat' dir='ltr'><strong>dum</strong></span> <span class='ocrx_word' id='word_1_13' title='bbox 484 754 625 826; x_wconf 90' lang='lat' dir='ltr'><strong>maritus</strong></span> <span class='ocrx_word' id='word_1_14' title='bbox 658 754 694 826; x_wconf 92' lang='lat' dir='ltr'><strong>in</strong></span> <span class='ocrx_word' id='word_1_15' title='bbox 730 751 871 828; x_wconf 89' lang='lat' dir='ltr'><strong>aliarum</strong></span> <span class='ocrx_word' id='word_1_16' title='bbox 900 755 1033 857; x_wconf 88' lang='lat' dir='ltr'><strong>ample-</strong></span> 
     </span>
     <span class='ocr_line' id='line_1_4' title="bbox 72 869 1143 997; baseline -0.01 -39"><span class='ocrx_word' id='word_1_17' title='bbox 72 887 172 959; x_wconf 87' lang='lat' dir='ltr'><strong>xibus</strong></span> <span class='ocrx_word' id='word_1_18' title='bbox 213 883 352 959; x_wconf 84' lang='lat' dir='ltr'><strong>vetitam</strong></span> <span class='ocrx_word' id='word_1_19' title='bbox 384 895 417 954; x_wconf 91' lang='lat' dir='ltr'><strong>et</strong></span> <span class='ocrx_word' id='word_1_20' title='bbox 449 869 614 953; x_wconf 77' lang='lat' dir='ltr'><strong>illicitam</strong></span> <span class='ocrx_word' id='word_1_21' title='bbox 640 880 772 981; x_wconf 86' lang='lat' dir='ltr'><strong>quaerit</strong></span> <span class='ocrx_word' id='word_1_22' title='bbox 805 881 1033 997; x_wconf 86' lang='lat' dir='ltr'><strong>voluptatem,</strong></span> <span class='ocrx_word' id='word_1_23' title='bbox 1094 918 1097 922; x_wconf 43' lang='lat'><strong><em>⁴</em></strong></span> <span class='ocrx_word' id='word_1_24' title='bbox 1140 942 1143 947; x_wconf 79' lang='grc'><strong><em>,</em></strong></span> 
     </span>
    </p>
   </div>
   <div class='ocr_carea' id='block_1_3' title="bbox 19 1007 1155 1739">
    <p class='ocr_par' dir='ltr' id='par_1_3' title="bbox 68 1007 1155 1491">
     <span class='ocr_line' id='line_1_5' title="bbox 73 1007 1033 1108; baseline -0.002 -24"><span class='ocrx_word' id='word_1_25' title='bbox 73 1012 103 1085; x_wconf 91' lang='lat' dir='ltr'><strong>si</strong></span> <span class='ocrx_word' id='word_1_26' title='bbox 132 1012 197 1084; x_wconf 89' lang='lat' dir='ltr'><strong>hac</strong></span> <span class='ocrx_word' id='word_1_27' title='bbox 233 1009 274 1081; x_wconf 92' lang='lat' dir='ltr'><strong>de</strong></span> <span class='ocrx_word' id='word_1_28' title='bbox 304 1036 339 1082; x_wconf 92' lang='lat' dir='ltr'><strong>re</strong></span> <span class='ocrx_word' id='word_1_29' title='bbox 369 1008 498 1082; x_wconf 90' lang='lat' dir='ltr'><strong>nullam</strong></span> <span class='ocrx_word' id='word_1_30' title='bbox 530 1009 560 1081; x_wconf 86' lang='lat' dir='ltr'><strong>ei</strong></span> <span class='ocrx_word' id='word_1_31' title='bbox 597 1007 767 1107; x_wconf 90' lang='lat' dir='ltr'><strong>que&#39;relam</strong></span> <span class='ocrx_word' id='word_1_32' title='bbox 799 1032 935 1083; x_wconf 87' lang='lat' dir='ltr'><strong>movere</strong></span> <span class='ocrx_word' id='word_1_33' title='bbox 965 1035 1033 1108; x_wconf 85' lang='lat' dir='ltr'><strong>po·</strong></span> 
     </span>
     <span class='ocr_line' id='line_1_6' title="bbox 68 1133 1034 1236; baseline 0.001 -31"><span class='ocrx_word' id='word_1_34' title='bbox 68 1152 158 1229; x_wconf 80' lang='lat' dir='ltr'><strong>test,</strong></span> <span class='ocrx_word' id='word_1_35' title='bbox 195 1162 298 1236; x_wconf 90' lang='lat' dir='ltr'><strong>neque</strong></span> <span class='ocrx_word' id='word_1_36' title='bbox 316 1137 433 1207; x_wconf 58' lang='lat' dir='ltr'><strong>‘tristis</strong></span> <span class='ocrx_word' id='word_1_37' title='bbox 458 1135 607 1235; x_wconf 84' lang='lat' dir='ltr'><strong>conjugii</strong></span> <span class='ocrx_word' id='word_1_38' title='bbox 630 1133 883 1221; x_wconf 73' lang='lat' dir='ltr'><strong>dissolutionem</strong></span> <span class='ocrx_word' id='word_1_39' title='bbox 911 1149 1034 1234; x_wconf 51' lang='lat' dir='ltr'><strong>petere.¹</strong></span> 
     </span>
     <span class='ocr_line' id='line_1_7' title="bbox 73 1261 1155 1363; baseline -0.006 -25"><span class='ocrx_word' id='word_1_40' title='bbox 73 1265 275 1363; x_wconf 21' lang='lat' dir='ltr'><strong>Homo-qui</strong></span> <span class='ocrx_word' id='word_1_41' title='bbox 303 1262 362 1335; x_wconf 90' lang='lat' dir='ltr'><strong>tali</strong></span> <span class='ocrx_word' id='word_1_42' title='bbox 392 1262 494 1335; x_wconf 91' lang='lat' dir='ltr'><strong>modo</strong></span> <span class='ocrx_word' id='word_1_43' title='bbox 524 1287 558 1334; x_wconf 91' lang='lat' dir='ltr'><strong>se</strong></span> <span class='ocrx_word' id='word_1_44' title='bbox 581 1261 669 1360; x_wconf 80' lang='lat' dir='ltr'><strong>gerit</strong></span> <span class='ocrx_word' id='word_1_45' title='bbox 695 1287 801 1360; x_wconf 89' lang='lat' dir='ltr'><strong>neque</strong></span> <span class='ocrx_word' id='word_1_46' title='bbox 828 1261 941 1333; x_wconf 90' lang='lat' dir='ltr'><strong>mariti</strong></span> <span class='ocrx_word' id='word_1_47' title='bbox 969 1286 1036 1332; x_wconf 90' lang='lat' dir='ltr'><strong>no-</strong></span> <span class='ocrx_word' id='word_1_48' title='bbox 1154 1334 1155 1339; x_wconf 62' lang='grc'>,</span> 
     </span>
     <span class='ocr_line' id='line_1_8' title="bbox 71 1371 1035 1491; baseline -0.005 -26"><span class='ocrx_word' id='word_1_49' title='bbox 71 1393 283 1491; x_wconf 86' lang='lat' dir='ltr'><strong>mineneque</strong></span> <span class='ocrx_word' id='word_1_50' title='bbox 305 1390 497 1463; x_wconf 87' lang='lat' dir='ltr'><strong>conditione</strong></span> <span class='ocrx_word' id='word_1_51' title='bbox 520 1387 729 1476; x_wconf 82' lang='lat' dir='ltr'><strong>veneranda,</strong></span> <span class='ocrx_word' id='word_1_52' title='bbox 756 1413 857 1486; x_wconf 86' lang='lat' dir='ltr'><strong>quam</strong></span> <span class='ocrx_word' id='word_1_53' title='bbox 883 1387 919 1459; x_wconf 93' lang='lat' dir='ltr'><strong>in</strong></span> <span class='ocrx_word' id='word_1_54' title='bbox 947 1371 1035 1463; x_wconf 83' lang='lat' dir='ltr'><strong>civi-</strong></span> 
     </span>
    </p>

    <p class='ocr_par' dir='ltr' id='par_1_4' title="bbox 19 1513 1037 1739">
     <span class='ocr_line' id='line_1_9' title="bbox 74 1513 1037 1617; baseline 0 -28"><span class='ocrx_word' id='word_1_55' title='bbox 74 1533 142 1591; x_wconf 90' lang='lat' dir='ltr'><strong>tate</strong></span> <span class='ocrx_word' id='word_1_56' title='bbox 172 1523 333 1616; x_wconf 85' lang='lat' dir='ltr'><strong>occupat,</strong></span> <span class='ocrx_word' id='word_1_57' title='bbox 347 1517 575 1617; x_wconf 24' lang='lat' dir='ltr'><strong>*dignus&#39;esq</strong></span> <span class='ocrx_word' id='word_1_58' title='bbox 599 1541 707 1616; x_wconf 88' lang='lat' dir='ltr'><strong>neque</strong></span> <span class='ocrx_word' id='word_1_59' title='bbox 731 1513 893 1595; x_wconf 88' lang='lat' dir='ltr'><strong>maritalis</strong></span> <span class='ocrx_word' id='word_1_60' title='bbox 919 1527 1037 1613; x_wconf 80' lang='lat' dir='ltr'><strong>potes-</strong></span> 
     </span>
     <span class='ocr_line' id='line_1_10' title="bbox 19 1615 1036 1739; baseline -0.005 -22"><span class='ocrx_word' id='word_1_61' title='bbox 19 1621 21 1627; x_wconf 13' lang='grc'><em>1</em></span> <span class='ocrx_word' id='word_1_62' title='bbox 72 1646 150 1717; x_wconf 88' lang='lat' dir='ltr'><strong>tatis</strong></span> <span class='ocrx_word' id='word_1_63' title='bbox 178 1615 359 1716; x_wconf 85' lang='lat' dir='ltr'><strong>diminutio</strong></span> <span class='ocrx_word' id='word_1_64' title='bbox 384 1641 580 1731; x_wconf 85' lang='lat' dir='ltr'><strong>metuenda,</strong></span> <span class='ocrx_word' id='word_1_65' title='bbox 616 1620 644 1713; x_wconf 85' lang='lat' dir='ltr'><strong>si</strong></span> <span class='ocrx_word' id='word_1_66' title='bbox 673 1640 791 1730; x_wconf 82' lang='lat' dir='ltr'><strong>uxori,</strong></span> <span class='ocrx_word' id='word_1_67' title='bbox 830 1643 882 1739; x_wconf 85' lang='lat' dir='ltr'><strong>jus</strong></span> <span class='ocrx_word' id='word_1_68' title='bbox 920 1640 1036 1716; x_wconf 83' lang='lat' dir='ltr'><strong>diver-</strong></span> 
     </span>
    </p>
   </div>
   <div class='ocr_carea' id='block_1_4' title="bbox 76 1766 1163 1868">
    <p class='ocr_par' dir='ltr' id='par_1_5' title="bbox 76 1766 1163 1868">
     <span class='ocr_line' id='line_1_11' title="bbox 76 1766 1163 1868; baseline -0.004 -24"><span class='ocrx_word' id='word_1_69' title='bbox 76 1769 171 1844; x_wconf 85' lang='lat' dir='ltr'><strong>tendi</strong></span> <span class='ocrx_word' id='word_1_70' title='bbox 195 1768 237 1842; x_wconf 87' lang='lat' dir='ltr'><strong>ab</strong></span> <span class='ocrx_word' id='word_1_71' title='bbox 268 1767 326 1839; x_wconf 88' lang='lat' dir='ltr'><strong>tali</strong></span> <span class='ocrx_word' id='word_1_72' title='bbox 350 1767 472 1855; x_wconf 87' lang='lat' dir='ltr'><strong>marito</strong></span> <span class='ocrx_word' id='word_1_73' title='bbox 501 1766 709 1839; x_wconf 72' lang='lat' dir='ltr'>conceditur:</span> <span class='ocrx_word' id='word_1_74' title='bbox 743 1768 814 1838; x_wconf 90' lang='lat' dir='ltr'><strong>imo</strong></span> <span class='ocrx_word' id='word_1_75' title='bbox 836 1767 1038 1865; x_wconf 88' lang='lat' dir='ltr'><strong>reipublicae</strong></span> <span class='ocrx_word' id='word_1_76' title='bbox 1154 1854 1163 1868; x_wconf 68' lang='lat'><em>„</em></span> 
     </span>
    </p>
   </div>
   <div class='ocr_carea' id='block_1_5' title="bbox 38 1892 1093 4019">
    <p class='ocr_par' dir='ltr' id='par_1_6' title="bbox 38 1887 1047 2118">
     <span class='ocr_line' id='line_1_12' title="bbox 72 1892 1047 1998; baseline 0 -28"><span class='ocrx_word' id='word_1_77' title='bbox 72 1898 182 1998; x_wconf 88' lang='lat' dir='ltr'><strong>pluris</strong></span> <span class='ocrx_word' id='word_1_78' title='bbox 196 1905 330 1970; x_wconf 83' lang='lat' dir='ltr'><strong>interest</strong></span> <span class='ocrx_word' id='word_1_79' title='bbox 344 1893 408 1967; x_wconf 92' lang='lat' dir='ltr'><strong>tale</strong></span> <span class='ocrx_word' id='word_1_80' title='bbox 433 1894 461 1965; x_wconf 94' lang='lat' dir='ltr'><strong>si</strong></span> <span class='ocrx_word' id='word_1_81' title='bbox 476 1893 672 1968; x_wconf 80' lang='lat' dir='ltr'>dissolvitur</span> <span class='ocrx_word' id='word_1_82' title='bbox 685 1892 913 1993; x_wconf 84' lang='lat' dir='ltr'><strong>conjugium,</strong></span> <span class='ocrx_word' id='word_1_83' title='bbox 935 1920 1047 1994; x_wconf 87' lang='lat' dir='ltr'><strong>quam.</strong></span> 
     </span>
     <span class='ocr_line' id='line_1_13' title="bbox 38 2015 1036 2118; baseline -0.002 -21"><span class='ocrx_word' id='word_1_84' title='bbox 38 2043 40 2048; x_wconf 80' lang='grc'>’</span> <span class='ocrx_word' id='word_1_85' title='bbox 75 2026 103 2097; x_wconf 93' lang='lat' dir='ltr'><strong>si</strong></span> <span class='ocrx_word' id='word_1_86' title='bbox 132 2024 224 2096; x_wconf 86' lang='lat' dir='ltr'>rixae</span> <span class='ocrx_word' id='word_1_87' title='bbox 256 2033 289 2094; x_wconf 87' lang='lat' dir='ltr'><strong>et</strong></span> <span class='ocrx_word' id='word_1_88' title='bbox 305 2020 534 2118; x_wconf 89' lang='lat' dir='ltr'><strong>dissensiones</strong></span> <span class='ocrx_word' id='word_1_89' title='bbox 560 2019 761 2095; x_wconf 81' lang='lat' dir='ltr'><strong>domesticae</strong></span> <span class='ocrx_word' id='word_1_90' title='bbox 791 2015 1036 2099; x_wconf 68' lang='lat' dir='ltr'><strong>continuantur.</strong></span> 
     </span>
    </p>

    <p class='ocr_par' dir='ltr' id='par_1_7' title="bbox 71 2145 1093 4019">
     <span class='ocr_line' id='line_1_14' title="bbox 125 2145 1037 2246; baseline 0 -26"><span class='ocrx_word' id='word_1_91' title='bbox 125 2147 227 2241; x_wconf 92' lang='lat' dir='ltr'><strong>Quod</strong></span> <span class='ocrx_word' id='word_1_92' title='bbox 263 2146 404 2244; x_wconf 89' lang='lat' dir='ltr'><strong>denique</strong></span> <span class='ocrx_word' id='word_1_93' title='bbox 442 2145 484 2218; x_wconf 90' lang='lat' dir='ltr'><strong>ad</strong></span> <span class='ocrx_word' id='word_1_94' title='bbox 519 2145 671 2226; x_wconf 90' lang='lat' dir='ltr'><strong>adulterii</strong></span> <span class='ocrx_word' id='word_1_95' title='bbox 701 2145 924 2246; x_wconf 82' lang='lat' dir='ltr'><strong>frequentiam</strong></span> <span class='ocrx_word' id='word_1_96' title='bbox 950 2147 1037 2220; x_wconf 89' lang='lat' dir='ltr'><strong>inter</strong></span> 
     </span>
     <span class='ocr_line' id='line_1_15' title="bbox 75 2253 1039 2373; baseline -0.004 -24"><span class='ocrx_word' id='word_1_97' title='bbox 75 2274 229 2349; x_wconf 89' lang='lat' dir='ltr'><strong>homiues</strong></span> <span class='ocrx_word' id='word_1_98' title='bbox 241 2272 357 2345; x_wconf 88' lang='lat' dir='ltr'><strong>attinet</strong></span> <span class='ocrx_word' id='word_1_99' title='bbox 365 2285 399 2354; x_wconf 87' lang='lat' dir='ltr'><strong>et</strong></span> <span class='ocrx_word' id='word_1_100' title='bbox 412 2253 560 2373; x_wconf 86' lang='lat' dir='ltr'><strong>pericula</strong></span> <span class='ocrx_word' id='word_1_101' title='bbox 569 2271 687 2346; x_wconf 84' lang='lat' dir='ltr'><strong>exinde</strong></span> <span class='ocrx_word' id='word_1_102' title='bbox 706 2270 873 2366; x_wconf 83' lang='lat' dir='ltr'><strong>oriunda,</strong></span> <span class='ocrx_word' id='word_1_103' title='bbox 901 2271 928 2364; x_wconf 86' lang='lat' dir='ltr'><strong>si</strong></span> <span class='ocrx_word' id='word_1_104' title='bbox 951 2298 1039 2345; x_wconf 87' lang='lat' dir='ltr'><strong>uxo-</strong></span> 
     </span>
     <span class='ocr_line' id='line_1_16' title="bbox 73 2389 1038 2501; baseline -0.006 -26"><span class='ocrx_word' id='word_1_105' title='bbox 73 2403 173 2501; x_wconf 85' lang='lat' dir='ltr'><strong>ribus</strong></span> <span class='ocrx_word' id='word_1_106' title='bbox 194 2399 384 2474; x_wconf 88' lang='lat' dir='ltr'><strong>indistincte</strong></span> <span class='ocrx_word' id='word_1_107' title='bbox 413 2413 554 2498; x_wconf 87' lang='lat' dir='ltr'><strong>propter</strong></span> <span class='ocrx_word' id='word_1_108' title='bbox 575 2399 736 2477; x_wconf 83' lang='lat' dir='ltr'><strong>¹virorum</strong></span> <span class='ocrx_word' id='word_1_109' title='bbox 761 2389 964 2472; x_wconf 78' lang='lat' dir='ltr'><strong>adulterium</strong></span> <span class='ocrx_word' id='word_1_110' title='bbox 982 2397 1038 2471; x_wconf 87' lang='lat' dir='ltr'><strong>di-</strong></span> 
     </span>
     <span class='ocr_line' id='line_1_17' title="bbox 77 2526 1038 2628; baseline -0.004 -26"><span class='ocrx_word' id='word_1_111' title='bbox 77 2527 227 2602; x_wconf 79' lang='lat' dir='ltr'><strong>vortium</strong></span> <span class='ocrx_word' id='word_1_112' title='bbox 263 2538 375 2626; x_wconf 86' lang='lat' dir='ltr'><strong>petere</strong></span> <span class='ocrx_word' id='word_1_113' title='bbox 398 2526 544 2619; x_wconf 88' lang='lat' dir='ltr'><strong>liceret,</strong></span> <span class='ocrx_word' id='word_1_114' title='bbox 586 2551 792 2628; x_wconf 89' lang='lat' dir='ltr'><strong>quamquam</strong></span> <span class='ocrx_word' id='word_1_115' title='bbox 832 2550 901 2597; x_wconf 91' lang='lat' dir='ltr'><strong>non</strong></span> <span class='ocrx_word' id='word_1_116' title='bbox 932 2551 1038 2625; x_wconf 84' lang='lat' dir='ltr'><strong>nega-</strong></span> 
     </span>
     <span class='ocr_line' id='line_1_18' title="bbox 73 2651 1038 2751; baseline -0.002 -24"><span class='ocrx_word' id='word_1_117' title='bbox 73 2679 174 2745; x_wconf 75' lang='lat' dir='ltr'><strong>muS,</strong></span> <span class='ocrx_word' id='word_1_118' title='bbox 208 2652 362 2725; x_wconf 84' lang='lat' dir='ltr'><strong>homines</strong></span> <span class='ocrx_word' id='word_1_119' title='bbox 392 2653 560 2751; x_wconf 85' lang='lat' dir='ltr'><strong>corruptis</strong></span> <span class='ocrx_word' id='word_1_120' title='bbox 586 2664 620 2724; x_wconf 91' lang='lat' dir='ltr'><strong>et</strong></span> <span class='ocrx_word' id='word_1_121' title='bbox 645 2653 760 2750; x_wconf 83' lang='lat' dir='ltr'><strong>prauis</strong></span> <span class='ocrx_word' id='word_1_122' title='bbox 789 2651 940 2725; x_wconf 90' lang='lat' dir='ltr'><strong>moribus</strong></span> <span class='ocrx_word' id='word_1_123' title='bbox 968 2654 1038 2742; x_wconf 88' lang='lat' dir='ltr'><strong>uti,</strong></span> 
     </span>
     <span class='ocr_line' id='line_1_19' title="bbox 71 2757 1039 2876; baseline -0.001 -25"><span class='ocrx_word' id='word_1_124' title='bbox 71 2794 188 2851; x_wconf 88' lang='lat' dir='ltr'><strong>tamen</strong></span> <span class='ocrx_word' id='word_1_125' title='bbox 227 2757 318 2873; x_wconf 91' lang='lat' dir='ltr'><strong>apud</strong></span> <span class='ocrx_word' id='word_1_126' title='bbox 354 2800 412 2847; x_wconf 91' lang='lat' dir='ltr'><strong>eos</strong></span> <span class='ocrx_word' id='word_1_127' title='bbox 449 2802 558 2874; x_wconf 89' lang='lat' dir='ltr'><strong>neque</strong></span> <span class='ocrx_word' id='word_1_128' title='bbox 591 2778 637 2847; x_wconf 91' lang='lat' dir='ltr'><strong>ita</strong></span> <span class='ocrx_word' id='word_1_129' title='bbox 671 2779 825 2874; x_wconf 85' lang='lat' dir='ltr'><strong>frequens</strong></span> <span class='ocrx_word' id='word_1_130' title='bbox 859 2793 965 2876; x_wconf 87' lang='lat' dir='ltr'><strong>neque</strong></span> <span class='ocrx_word' id='word_1_131' title='bbox 993 2780 1039 2850; x_wconf 93' lang='lat' dir='ltr'><strong>ita</strong></span> 
     </span>
     <span class='ocr_line' id='line_1_20' title="bbox 75 2901 1093 2992; baseline -0.001 -14"><span class='ocrx_word' id='word_1_132' title='bbox 75 2904 216 2978; x_wconf 89' lang='lat' dir='ltr'><strong>solitum</strong></span> <span class='ocrx_word' id='word_1_133' title='bbox 239 2902 367 2974; x_wconf 88' lang='lat' dir='ltr'><strong>crimen</strong></span> <span class='ocrx_word' id='word_1_134' title='bbox 389 2914 440 2974; x_wconf 88' lang='lat' dir='ltr'><strong>est</strong></span> <span class='ocrx_word' id='word_1_135' title='bbox 466 2901 687 2992; x_wconf 88' lang='lat' dir='ltr'><strong>adulterium,</strong></span> <span class='ocrx_word' id='word_1_136' title='bbox 725 2907 776 2974; x_wconf 93' lang='lat' dir='ltr'><strong>uti</strong></span> <span class='ocrx_word' id='word_1_137' title='bbox 802 2903 960 2987; x_wconf 82' lang='lat' dir='ltr'><strong>nonnulli.</strong></span> <span class='ocrx_word' id='word_1_138' title='bbox 984 2904 1040 2977; x_wconf 90' lang='lat' dir='ltr'><strong>di—</strong></span> <span class='ocrx_word' id='word_1_139' title='bbox 1090 2919 1093 2926; x_wconf 89' lang='lat'>&#39;</span> 
     </span>
     <span class='ocr_line' id='line_1_21' title="bbox 74 3024 1038 3128; baseline 0.003 -25"><span class='ocrx_word' id='word_1_140' title='bbox 74 3033 173 3103; x_wconf 90' lang='lat' dir='ltr'><strong>cant!</strong></span> <span class='ocrx_word' id='word_1_141' title='bbox 214 3027 288 3123; x_wconf 17' lang='lat' dir='ltr'><strong>ssed</strong></span> <span class='ocrx_word' id='word_1_142' title='bbox 313 3029 415 3101; x_wconf 90' lang='lat' dir='ltr'><strong>etiam</strong></span> <span class='ocrx_word' id='word_1_143' title='bbox 441 3029 470 3100; x_wconf 92' lang='lat' dir='ltr'><strong>si</strong></span> <span class='ocrx_word' id='word_1_144' title='bbox 495 3024 724 3128; x_wconf 83' lang='lat' dir='ltr'><strong>frequentiora</strong></span> <span class='ocrx_word' id='word_1_145' title='bbox 753 3042 860 3104; x_wconf 90' lang='lat' dir='ltr'><strong>essent</strong></span> <span class='ocrx_word' id='word_1_146' title='bbox 885 3031 1038 3113; x_wconf 87' lang='lat' dir='ltr'><strong>virorum</strong></span> 
     </span>
     <span class='ocr_line' id='line_1_22' title="bbox 75 3136 1036 3259; baseline 0.001 -27"><span class='ocrx_word' id='word_1_147' title='bbox 75 3158 262 3246; x_wconf 87' lang='lat' dir='ltr'><strong>adulteria,</strong></span> <span class='ocrx_word' id='word_1_148' title='bbox 299 3183 405 3257; x_wconf 88' lang='lat' dir='ltr'><strong>neque</strong></span> <span class='ocrx_word' id='word_1_149' title='bbox 446 3156 548 3243; x_wconf 88' lang='lat' dir='ltr'><strong>nimis</strong></span> <span class='ocrx_word' id='word_1_150' title='bbox 587 3157 631 3229; x_wconf 89' lang='lat' dir='ltr'><strong>iis</strong></span> <span class='ocrx_word' id='word_1_151' title='bbox 666 3156 904 3259; x_wconf 85' lang='lat' dir='ltr'><strong>indulgendum</strong></span> <span class='ocrx_word' id='word_1_152' title='bbox 941 3136 1036 3234; x_wconf 82' lang='lat' dir='ltr'><strong>esset.</strong></span> 
     </span>
     <span class='ocr_line' id='line_1_23' title="bbox 81 3259 1039 3383; baseline -0.002 -25"><span class='ocrx_word' id='word_1_153' title='bbox 81 3289 300 3383; x_wconf 89' lang='lat' dir='ltr'><strong>Quamquam</strong></span> <span class='ocrx_word' id='word_1_154' title='bbox 333 3280 422 3380; x_wconf 70' lang='lat' dir='ltr'><strong>enim</strong></span> <span class='ocrx_word' id='word_1_155' title='bbox 448 3282 621 3383; x_wconf 84' lang='lat' dir='ltr'><strong>legislator</strong></span> <span class='ocrx_word' id='word_1_156' title='bbox 650 3283 739 3383; x_wconf 82' lang='lat' dir='ltr'><strong>leges</strong></span> <span class='ocrx_word' id='word_1_157' title='bbox 765 3311 840 3380; x_wconf 83' lang='lat' dir='ltr'><strong>suas</strong></span> <span class='ocrx_word' id='word_1_158' title='bbox 868 3287 914 3358; x_wconf 85' lang='lat' dir='ltr'><strong>ito</strong></span> <span class='ocrx_word' id='word_1_159' title='bbox 941 3259 1039 3358; x_wconf 85' lang='lat' dir='ltr'><strong>com-</strong></span> 
     </span>
     <span class='ocr_line' id='line_1_24' title="bbox 76 3408 1039 3512; baseline -0.001 -27"><span class='ocrx_word' id='word_1_160' title='bbox 76 3439 196 3512; x_wconf 82' lang='lat' dir='ltr'><strong>parare</strong></span> <span class='ocrx_word' id='word_1_161' title='bbox 220 3410 340 3499; x_wconf 88' lang='lat' dir='ltr'><strong>debet,</strong></span> <span class='ocrx_word' id='word_1_162' title='bbox 366 3422 404 3483; x_wconf 87' lang='lat' dir='ltr'><strong>ut</strong></span> <span class='ocrx_word' id='word_1_163' title='bbox 431 3408 682 3511; x_wconf 86' lang='lat' dir='ltr'><strong>quodammodo</strong></span> <span class='ocrx_word' id='word_1_164' title='bbox 698 3438 776 3485; x_wconf 90' lang='lat' dir='ltr'><strong>cum</strong></span> <span class='ocrx_word' id='word_1_165' title='bbox 799 3411 953 3484; x_wconf 87' lang='lat' dir='ltr'><strong>moribus</strong></span> <span class='ocrx_word' id='word_1_166' title='bbox 971 3437 1039 3510; x_wconf 65' lang='lat' dir='ltr'><strong>po:</strong></span> 
     </span>
     <span class='ocr_line' id='line_1_25' title="bbox 77 3536 1054 3640; baseline 0 -28"><span class='ocrx_word' id='word_1_167' title='bbox 77 3538 175 3640; x_wconf 87' lang='lat' dir='ltr'><strong>puli,</strong></span> <span class='ocrx_word' id='word_1_168' title='bbox 212 3538 271 3640; x_wconf 90' lang='lat' dir='ltr'><strong>qui</strong></span> <span class='ocrx_word' id='word_1_169' title='bbox 310 3537 352 3610; x_wconf 92' lang='lat' dir='ltr'><strong>iis</strong></span> <span class='ocrx_word' id='word_1_170' title='bbox 389 3537 618 3637; x_wconf 87' lang='lat' dir='ltr'><strong>obtemperare</strong></span> <span class='ocrx_word' id='word_1_171' title='bbox 654 3536 771 3627; x_wconf 84' lang='lat' dir='ltr'><strong>dehet,</strong></span> <span class='ocrx_word' id='word_1_172' title='bbox 818 3536 1054 3630; x_wconf 79' lang='lat' dir='ltr'><strong>conveniant‚.</strong></span> 
     </span>
     <span class='ocr_line' id='line_1_26' title="bbox 79 3638 1040 3762; baseline -0.002 -22"><span class='ocrx_word' id='word_1_173' title='bbox 79 3690 200 3741; x_wconf 84' lang='lat' dir='ltr'><strong>cavere</strong></span> <span class='ocrx_word' id='word_1_174' title='bbox 226 3677 339 3738; x_wconf 87' lang='lat' dir='ltr'><strong>tamen</strong></span> <span class='ocrx_word' id='word_1_175' title='bbox 367 3664 469 3758; x_wconf 87' lang='lat' dir='ltr'><strong>debet</strong></span> <span class='ocrx_word' id='word_1_176' title='bbox 504 3638 545 3736; x_wconf 83' lang='lat' dir='ltr'><strong>ne</strong></span> <span class='ocrx_word' id='word_1_177' title='bbox 567 3643 670 3738; x_wconf 90' lang='lat' dir='ltr'><strong>nimis</strong></span> <span class='ocrx_word' id='word_1_178' title='bbox 705 3667 777 3762; x_wconf 86' lang='lat' dir='ltr'><strong>ejus</strong></span> <span class='ocrx_word' id='word_1_179' title='bbox 806 3664 897 3740; x_wconf 84' lang='lat' dir='ltr'><strong>vitiis</strong></span> <span class='ocrx_word' id='word_1_180' title='bbox 924 3666 1040 3740; x_wconf 90' lang='lat' dir='ltr'><strong>indul-</strong></span> 
     </span>
     <span class='ocr_line' id='line_1_27' title="bbox 77 3790 1055 3894; baseline 0.003 -31"><span class='ocrx_word' id='word_1_181' title='bbox 77 3805 156 3894; x_wconf 85' lang='lat' dir='ltr'><strong>geat</strong></span> <span class='ocrx_word' id='word_1_182' title='bbox 190 3804 224 3863; x_wconf 93' lang='lat' dir='ltr'><strong>et</strong></span> <span class='ocrx_word' id='word_1_183' title='bbox 243 3793 360 3891; x_wconf 84' lang='lat' dir='ltr'><strong>&#39;igitur</strong></span> <span class='ocrx_word' id='word_1_184' title='bbox 405 3806 521 3864; x_wconf 80' lang='lat' dir='ltr'><strong>mores</strong></span> <span class='ocrx_word' id='word_1_185' title='bbox 557 3790 664 3876; x_wconf 89' lang='lat' dir='ltr'><strong>adhuc</strong></span> <span class='ocrx_word' id='word_1_186' title='bbox 702 3794 928 3892; x_wconf 87' lang='lat' dir='ltr'><strong>corruptiores</strong></span> <span class='ocrx_word' id='word_1_187' title='bbox 960 3792 1055 3866; x_wconf 62' lang='lat' dir='ltr'><strong>red-</strong></span> 
     </span>
     <span class='ocr_line' id='line_1_28' title="bbox 81 3918 1040 4019; baseline -0.005 -27"><span class='ocrx_word' id='word_1_188' title='bbox 81 3921 147 3995; x_wconf 88' lang='lat' dir='ltr'><strong>dat.</strong></span> <span class='ocrx_word' id='word_1_189' title='bbox 189 3923 360 3994; x_wconf 85' lang='lat' dir='ltr'><strong>Praeterea</strong></span> <span class='ocrx_word' id='word_1_190' title='bbox 382 3933 416 3992; x_wconf 92' lang='lat' dir='ltr'><strong>et</strong></span> <span class='ocrx_word' id='word_1_191' title='bbox 440 3946 481 3992; x_wconf 93' lang='lat' dir='ltr'><strong>eo</strong></span> <span class='ocrx_word' id='word_1_192' title='bbox 496 3921 593 4019; x_wconf 86' lang='lat' dir='ltr'><strong>ipso,</strong></span> <span class='ocrx_word' id='word_1_193' title='bbox 616 3918 710 4019; x_wconf 88' lang='lat' dir='ltr'><strong>quod</strong></span> <span class='ocrx_word' id='word_1_194' title='bbox 729 3918 873 3996; x_wconf 88' lang='lat' dir='ltr'><strong>difficilis</strong></span> <span class='ocrx_word' id='word_1_195' title='bbox 892 3924 933 3994; x_wconf 85' lang='lat' dir='ltr'><strong>sit</strong></span> <span class='ocrx_word' id='word_1_196' title='bbox 954 3942 1040 4018; x_wconf 88' lang='lat' dir='ltr'><strong>pro—</strong></span> 
     </span>
    </p>
   </div>
   <div class='ocr_carea' id='block_1_6' title="bbox 0 0 1286 4770">
    <p class='ocr_par' dir='ltr' id='par_1_8' title="bbox 0 0 1286 4770">
     <span class='ocr_line' id='line_1_29' title="bbox 0 0 1286 4770; baseline 0 0"><span class='ocrx_word' id='word_1_197' title='bbox 0 0 1286 4770; x_wconf 95' lang='lat' dir='ltr'><strong> </strong></span> 
     </span>
    </p>
   </div>
  </div>
 </body>
</html>
