2564 4770
414 399 583 505 'aa

47 699 51 704 ι
84 611 176 684 enim
204 633 339 682 morum
363 608 572 710 corruptela,
597 611 706 684 omnis
731 610 835 689 libido
862 617 936 713 ejus
969 618 1054 708 fir..

81 721 192 812 anitati
227 750 263 810 et
302 735 447 809 stabilati
476 750 583 811 nooet.
643 739 785 812 Interest
811 740 883 837 eius
918 743 1032 840 angeri

83 839 265 939 nnmerum
303 875 467 960 Justamm
507 864 700 964 nuptiarum
734 878 768 936 et
806 865 1033 965 legitimorum
1123 917 1131 922 ι

14 1010 19 1015 “
82 992 287 1080 liberorum,
314 988 457 1063 diminui
480 991 785 1067 vero¹naturalium
799 992 853 1066 vel
875 992 1035 1092 adulteri-

84 1143 223 1191 norum.
272 1115 320 1188 Iis
347 1129 457 1207 certe,
495 1140 597 1215 supra
624 1108 716 1214 quae
734 1116 878 1190 diximus
904 1121 933 1190 si
956 1147 1035 1194 aera

85 1257 184 1335 sunt,
220 1243 396 1343 separatio
418 1255 469 1315 est
499 1243 678 1329 contraria.
738 1244 828 1317 Cum
865 1244 954 1352 enim
982 1245 1037 1322 val
1136 1308 1140 1317 .

87 1371 123 1442 in
149 1369 332 1460 coelibatu,
364 1368 418 1445 vel
439 1370 476 1440 in
502 1394 621 1445 renem
645 1368 780 1460 illicita,
804 1370 963 1470 conjuges
983 1396 1039 1444 se-

56 1497 193 1598 parati
219 1497 335 1574 vivere
360 1495 500 1586 debent,-
521 1495 577 1572 vel
605 1495 722 1573 civitas
746 1496 860 1571 liberis
879 1495 1039 1596 legitimis
1123 1506 1125 1513 '

83 1625 239 1722 privatur
264 1623 321 1698 val
348 1621 538 1694 adulterinis
564 1621 722 1722 impletur
746 1621 818 1722 (l).
848 1625 1038 1697 'Praeterea

84 1749 264 1847 praecipue
291 1746 434 1822 civitatis
452 1745 601 1818 felicitati
622 1741 769 1837 favetur,
796 1749 823 1819 si
847 1748 932 1822 bene
952 1749 1040 1823 edn-

83 1862 207 1947 ca'ntur'
229 1873 349 1962 liberi,
388 1873 415 1943 si
439 1872 550 1969 prima
577 1871 626 1942 ab.
646 1872 793 1958 infantia
807 1875 877 1971 jam
903 1874 946 1946 ad
973 1872 1042 1960 ho-

20 1986 22 1988 ’
87 2000 224 2076 aestatis
259 1983 294 2071 et
321 1998 457 2073 vir-mas
484 1996 632 2071 stadium
661 1997 849 2089 eximatur,
886 1999 918 2072 si
935 1999 977 2071 iis
1006 2000 1044 2072 in

87 2138 199 2198 tenere
234 2123 342 2196 adlanc
373 2135 476 2196 aetate
505 2122 631 2223 patriae
654 2147 752 2194 amor
787 2125 858 2222 jam
891 2125 1043 2223 imprimi

90 2263 169 2340 tur,
205 2263 282 2321 tunc
318 2249 407 2322 enim
445 2251 481 2321 in
518 2249 641 2323 seriore
674 2261 779 2323 aetate
814 2251 913 2323 utiles
943 2238 1044 2325 ornat
1135 2286 1137 2290 ’
1269 2257 1272 2266 ‘

92 2376 175 2473 reip.
205 2375 311 2455 cives„
352 2376 478 2479 Huicce
512 2387 626 2449 autem
663 2377 712 2448 rei
749 2375 868 2448 melius
895 2377 1045 2475 prospici

92 2501 239 2578 divortio
280 2527 381 2600 quam
415 2501 621 2600 separatione
657 2526 758 2599 supra
785 2503 858 2598 jam¹
886 2503 1042 2580 vidimus.

91 2628 244 2728 Denique
276 2629 304 2699 si
342 2652 461 2703 verum
487 2640 557 2718 est,
591 2627 736 2703 civitatis
763 2627 901 2703 salutem
925 2629 961 2700 in
989 2609 1046 2702 sa-

91 2751 160 2840 lnta
189 2752 401 2847 singulorum
425 2775 494 2824 esse
525 2751 689 2846 positam,
726 2765 818 2829 extra
843 2751 953 2826 ullum
978 2752 1046 2826 du-

92 2864 188 2953 bium
211 2899 296 2965 osse,
326 2874 426 2959 nohis
449 2874 601 2965 videtur,
622 2875 806 2951 etcivitati
833 2877 941 2974 magis
963 2854 1047 2975 pro-
1099 2930 1101 2932 -
1150 2876 1157 2894 ¹

94 3001 185 3073 desse
213 2999 420 3090 divortium,
452 3000 659 3098 separatione
687 3000 777 3076 thori
791 3022 793 3025 ’
808 3014 842 3074 et
866 3027 1007 3077 mensae.

141 3109 252 3227 Igitar
277 3141 311 3200 et
335 3128 464 3201 ratione
501 3129 705 3228 conjugum,
743 3140 777 3199 et
804 3128 930 3201 ratione
959 3130 1061 3202 libo-¹
1156 3147 1159 3153 '

93 3278 234 3342 rorum,
277 3267 310 3327 et
347 3254 474 3329 ratione
509 3254 654 3330 civitatis
685 3266 830 3359 praestat
860 3255 1046 3332 divortium

96 3380 296 3483 separationi
330 3380 419 3455 thori
453 3393 497 3453 et>
521 3406 662 3457 mensae.
719 3384 765 3457 In
797 3381 948 3456 favorem
974 3378 1047 3483 eins

96 3506 228 3580 tandem
273 3517 307 3580 et
350 3506 432 3579 illud
472 3506 607 3607 allegari
645 3521 754 3606 potest
789 3514 1046 3605 argumentum,

56 3706 58 3709 .
97 3632 208 3734 quod,
229 3644 310 3706 teste
323 3632 544 3732 experientia,
558 3632 849 3710 homimsfacilius
857 3684 868 3729 ,
892 3630 934 3706 ad
948 3657 1046 3730 sepa·-

127 3908 169 3977 (1)
192 3907 337 3978 tonnam,
357 3912 376 3965 l.
392 3912 411 3964 l.
427 3932 454 3981 p.
473 3914 515 3966 34.
