2564 4770
401 379 484 411 a
705 367 765 452 ⁴44
809 475 810 478 Ἴ
860 400 872 410 ,ι

264 587 426 666 absentiae
440 590 558 681 causa,
573 611 657 691 quae
669 593 808 691 injusta,
835 593 861 664 si
876 596 962 691 justa
976 593 1102 695 aliquae
1121 596 1218 669 initio

161 696 163 700 Ι
262 717 419 807 adfuerit,
455 715 586 818 quando
612 719 807 808 cessaverit,
832 744 916 817 quae
943 721 1053 792 omnia
1079 722 1217 821 quidem

259 872 279 917 a
307 844 493 944 legislatore
516 837 722 943 generalibus
745 843 867 944 regulis
891 845 1027 919 definire
1049 873 1115 919 non
1132 864 1237 946 pos-¹

177 1029 180 1034 .
260 985 346 1047 sunt.
397 973 484 1044 Cum
499 985 608 1043 autem
627 971 752 1042 summi
774 961 975 1070 Imperantis
996 974 1144 1046 officium
1165 987 1227 1046 est.

260 1122 395 1186 curare,
418 1111 455 1169 ut
479 1099 533 1193 jus
554 1097 683 1168 dicatur
706 1097 748 1169 ab
771 1097 965 1175 homiuibus
986 1101 1214 1197 gravissimis,

151 1236 155 1248 '
255 1222 537 1321 prudentissimis,
561 1223 798 1322 sagacissimis,
822 1237 855 1296 et
879 1251 977 1297 omne
998 1224 1064 1297 fide
1088 1224 1214 1326 dignis,

246 1350 363 1421 ‘fateor
390 1349 606 1438 meneseire,
635 1374 738 1448 quare
752 1365 829 1420 'non
863 1349 989 1449 aliquid
1014 1362 1131 1422 eorum
1156 1378 1215 1423 ar-

254 1474 358 1545 bitrio
380 1474 522 1573 relinqui
548 1475 709 1574 potuisset
735 1475 834 1546 etiam
865 1475 986 1548 bacin
1015 1503 1059 1552 re.
1111 1477 1213 1551 Tales

149 1666 174 1687 „
235 1600 343 1673 'enim
371 1601 531 1674 homines
545 1601 747 1702 prospicient
768 1627 811 1673 ne
833 1602 949 1676 leviter
972 1603 1013 1674 de
1037 1627 1134 1676 causa
1148 1602 1214 1674 ali-

255 1756 321 1830 qua
350 1742 607 1827 cognoscantet
633 1729 800 1826 judicent,
822 1755 864 1800 ne
890 1729 1009 1806 leviter
1041 1728 1212 1803 vinculum

253 1858 499 1929 sanctissimum
532 1857 738 1928 matrimonii
767 1855 927 1928 solvatur.
1119 1949 1123 1957 ἡ

300 1982 401 2071 Quod
425 1979 568 2051 difficilis
585 1979 588 1985 ⁴
600 1981 811 2077 probationis
837 1981 880 2052 sit
903 1961 1069 2053 malitiosa
1095 1979 1210 2053 deser-

250 2082 319 2196 tio,
343 2105 379 2176 id
404 2104 517 2202 potius
542 2119 665 2201 proca
690 2104 853 2195 militare,
879 2134 981 2206 quam
1008 2121 1124 2179 contra
1138 2125 1221 2202 eam

248 2256 398 2331 pugnare
423 2229 574 2319 ridetur,
598 2254 666 2331 quo
692 2229 858 2303 difficilius
881 2232 970 2304 enim
993 2232 1131 2331 probari
1144 2259 1212 2332 po-

195 2360 197 2364 ‘
249 2371 332 2448 test,
354 2384 395 2431 eo
417 2358 526 2456 magis
550 2371 705 2447 cavetur,
732 2382 773 2429 ne
785 2384 823 2430 ea
844 2358 1022 2431 abutantur
1035 2356 1210 2449 homines,

245 2508 285 2556 eo
300 2483 407 2583 magis
426 2483 625 2556 collusiones
641 2483 732 2556 inter
754 2479 928 2580 conjuges,
957 2484 1016 2582 qui
1045 2482 1209 2556 desertio-

245 2636 323 2683 nem
351 2612 476 2709 fingere
503 2616 686 2702 conantur,
718 2608 988 2705 praeveniuntur.
1037 2609 1115 2683 Non
1151 2635 1210 2680 so-

232 2737 313 2831 lent
338 2738 428 2821 enirn
462 2736 614 2808 homines
637 2735 742 2808 litem
774 2759 937 2823 movere„
966 2735 1032 2806 nisi
1067 2747 1208 2836 possunt

244 2891 363 2965 urgere
390 2869 543 2954 causam,
567 2862 734 2935 nonnullis
762 2863 841 2955 satis
868 2861 996 2963 idoneis
1018 2875 1052 2933 et
1078 2862 1208 2960 proba-

242 2990 368 3060 bilibus
382 2990 604 3088 argumentis,
623 2989 687 3060 nisi
699 2990 846 3086 aliquam
859 2988 1001 3061 habeant
1014 2988 1095 3060 boni
1104 3014 1208 3093 eren·

132 3213 135 3216 p
166 3135 170 3147 ’·
228 3127 297 3191 ,tus
330 3140 435 3214 spem.
474 3113 556 3207 ¹Sed
586 3126 754 3211 praeterea
788 3115 951 3212 injustum
983 3114 1090 3206 foret,
1126 3117 1207 3216 quia

197 3302 200 3307 Α
244 3241 359 3313 multis
391 3239 425 3315 in
463 3239 595 3311 casibus
632 3238 775 3312 difficilis
805 3248 872 3312 est
890 3241 1049 3340 probatio
1090 3241 1206 3314 deser-

243 3369 365 3457 tionis,
403 3366 462 3439 illo
503 3365 648 3438 remedio
680 3366 779 3437 etiam
807 3366 943 3464 privare
970 3390 1105 3463 ornnes,
1145 3368 1205 3466 qui

243 3519 317 3565 eam
346 3494 458 3568 locum
492 3492 613 3566 habere
636 3474 780 3593 probare
813 3507 965 3592 possunt.
1013 3491 1116 3584 Quod
1142 3493 1203 3566 de-

240 3620 374 3720 nique,
387 3620 430 3694 ad
455 3621 652 3694 collusiones
681 3601 769 3693 inter
792 3624 950 3720 conjuges
973 3618 1109 3710 attinet,
1147 3646 1202 3693 eas

125 3826 128 3833 ,
166 3807 168 3812 .
226 3746 368 3845 ‘saepius
392 3749 427 3818 in
454 3749 610 3823 omnibus
637 3749 849 3847 regionibus,
876 3745 934 3820 ubi
963 3745 1057 3819 licuit
1081 3747 1201 3820 matri-

241 3873 392 3948 monium
415 3889 554 3974 propter
582 3876 784 3952 malitiosam
813 3873 1032 3954 desertionem
1055 3875 1201 3967 solvere,
