2564 4770
606 427 652 499 119

162 650 250 708 eatur
268 649 301 708 et
319 635 495 733 expellitur
515 635 593 738 (1).
605 677 654 691 -
696 635 762 710 Sed
784 649 819 708 et
839 637 937 709 bouis
960 640 1111 714 moribus

158 764 266 836 farere
289 763 389 837 nobis
413 761 563 851 videtur,
578 763 614 839 ¹si
633 762 704 835 hoc'
717 763 900 839 divertendi
927 765 1115 838 admittitur

160 863 291 962 modus.
339 889 473 988 Saepius
494 890 584 961 enim
611 889 754 994 accidit,
774 903 812 962 ut
835 893 976 988 conjux,
999 893 1058 990 qui
1072 891 1116 964 ad
1202 892 1206 900 ’

158 1015 261 1087 talem
283 1040 421 1112 poenam
447 1016 685 1088 condemnatus
711 1029 777 1106 est,
808 1017 1027 1090 incarneretur
1052 1043 1113 1118 per

154 1142 297 1239 longum
321 1155 467 1239 tempus,
492 1142 520 1212 si
546 1165 636 1214 nuuc
655 1143 777 1238 conjux
801 1144 961 1215 innooeus
979 1144 1115 1215 iocou-

157 1268 324 1364 juuctione
350 1293 502 1355 manere,
535 1279 635 1368 atque
663 1268 825 1366 integram
853 1267 953 1341 fidem
984 1294 1115 1344 servare

157 1392 255 1465 dehe't
277 1393 372 1466 alicui
385 1446 397 1482 ,
420 1395 513 1490 cujus
539 1396 774 1466 consuetudine
803 1397 947 1494 amplius
968 1396 1021 1469 uti
1047 1421 1116 1467 uou

157 1533 284 1616 potest,
309 1546 411 1620 quem
437 1521 575 1592 fortasse
601 1519 679 1593 odio
706 1534 739 1593 et
767 1522 1011 1622 vituperatione
1028 1520 1114 1622 pro-

157 1648 326 1745 sequitur,
351 1645 631 1731 metuendumne
657 1673 712 1734 se,
734 1648 857 1721 violata
880 1648 939 1720 illa
961 1649 1047 1738 fide,
1070 1648 1116 1720 li-

154 1770 265 1842 bidini
280 1768 344 1842 det.
394 1769 545 1865 Denique
564 1779 597 1838 et
619 1770 746 1839 ratione
759 1770 942 1843 liberorum
964 1772 1045 1842 utile
1065 1785 1117 1845 est

158 1897 245 1971 solvi
269 1895 522 1968 matrimonium
546 1893 631 1965 hauc
659 1893 885 1983 obscausam,
923 1922 963 1967 ue
989 1909 1119 1968 oetero-

160 2026 243 2122 quin
273 2023 419 2128 parentis
445 2020 598 2121 exemplo
627 2033 905 2118 corrumpantur,
941 2020 984 2093 ab
1016 2023 1117 2096 eoin
1218 2025 1222 2031 ’

157 2149 300 2222 crimine
326 2147 522 2253 educeutur,
558 2160 592 2218 et
623 2148 694 2245 ejus
726 2172 823 2219 causa
856 2173 895 2219 ex
929 2147 1117 2247 proborum
1195 2207 1213 2236 .
1264 2173 1270 2182 “

157 2273 393 2348 consuetudine
415 2287 448 2346 et
473 2275 626 2348 societate
650 2271 865 2371 expellantur.

475 2546 526 2624 ,·
598 2527 687 2637 ιι.

197 2794 254 2866 De
277 2791 475 2895 separatione
501 2789 587 2862 thori
612 2797 642 2860 et
664 2814 810 2880 mensae,
835 2815 933 2862 causa
954 2790 1083 2862 divortii

280 2918 497 3021 quandoper
531 2925 650 3002 certam
690 2916 839 3019 temporis
865 2917 1003 3020 spetiem

230 3024 234 3035 ¹
351 3045 495 3135 duravit,
531 3069 587 3116 nec
618 3045 829 3146 ρνοιιιιιιίίαια
860 3043 931 3141 fait
972 3139 979 3151 .

399 3180 538 3275 propter
555 3171 669 3244 uxoris
682 3170 882 3246 adnuerium.
961 3246 966 3258 ,

210 3421 252 3490 In
276 3416 315 3489 C.
330 3415 370 3488 C.
383 3416 427 3488 G.
448 3416 520 3488 Art.
534 3388 615 3488 310.
639 3360 856 3487 coustitutum
879 3426 948 3486 est:
982 3415 1118 3485 »Loes-

159 3570 186 3616 r>
198 3567 260 3640 que
286 3543 317 3614 lo
358 3541 546 3638 separation
580 3539 621 3611 de
653 3564 772 3638 corps,
810 3541 1000 3640 prononeee
1031 3566 1118 3640 pour

193 3795 518 3810 m

192 3931 233 3998 tl)
255 3929 301 3981 De
322 3943 449 3995 uaurru,
471 3930 488 3979 1.
510 3929 528 3979 l.
548 3947 574 3997 p.
593 3931 635 3980 35.
