2564 4770
599 357 645 430 64

175 569 260 643 inter
288 568 443 667 conjuges
477 568 645 664 majorum
681 545 847 644 maloruin
874 587 999 648 metum
1023 594 1136 676 'prae-

173 700 252 771 here
279 696 453 788 videntur.;
477 693 552 784 sed,
576 707 615 767 ut
637 688 782 772 vidimus
816 702 835 798 d
856 701 890 776 3.
920 701 953 778 h.
981 686 1041 794 C„
1067 732 1135 788 non

174 826 285 898 omnia
311 823 369 895 illa
392 815 478 921 'quae
516 823 622 899 vitam
649 849 862 900 communem
890 829 1133 905 intolerabilem

104 972 106 977 ’
171 951 329 1043 reddunt,
359 951 445 1023 inter
474 975 587 1022 causas
610 950 843 1030 determinatas
858 959 1133 1058 recenseri‘pos-

171 1092 264 1169 sunt,
287 1075 353 1150 hoc
365 1075 468 1177 igitur
481 1088 531 1148 est
545 1100 713 1174 magnum
729 1062 870 1154 divortii
889 1095 1029 1180 propter
1052 1110 1134 1165 cau-

171 1231 242 1279 sam
265 1203 552 1277 indeterminatam
567 1203 805 1294 commodum,
829 1218 886 1296 ut,
911 1207 1133 1305 quandocun-

142 1339 236 1432 ssque
261 1330 341 1402 utile
363 1342 398 1402 et
419 1328 639 1404 necessarium
664 1332 726 1421 sit,
740 1320 868 1405 'reddat
888 1334 1047 1432 possibile
1079 1336 1135 1408 di-

169 1460 326 1533 vortium.
378 1453 557 1530 lneadem
571 1454 640 1525 illa
653 1458 671 1553 ᾗ
686 1469 718 1526 et
743 1457 809 1528 alia
833 1459 1009 1532 commoda
1034 1459 1135 1558 hujus

161 1583 304 1656 nationis
330 1580 515 1656 divertendi
533 1564 756 1654 recensuimus
763 1635 774 1673 ,
801 1609 921 1685 nempe
944 1598 1023 1658 tunc
1044 1611 1133 1657 con-

165 1714 224 1809 jux
250 1711 408 1782 innocens
431 1708 535 1791 celare
569 1716 681 1807 potest
706 1711 787 1786 vitia
819 1724 852 1783 et
877 1701 1018 1786 cadmina
1045 1695 1132 1786 alte-

163 1832 234 1910 rins
269 1837 440 1936 conjugis,
463 1836 563 1913 ¹ninas
591 1849 625 1906 et
660 1835 855 1919 domesticas
888 1836 1129 1930 dissensiones,

162 1989 267 2062 eaque
294 1964 424 2052 omnia,
472 1988 556 2060 quae
580 1963 666 2033 inter
695 1963 845 2061 privatos
869 1965 1010 2064 parietes
1034 1965 1126 2038 dicta

140 2076 290 2164 'factave
323 2101 402 2160 sunt
424 2087 533 2164 velare
559 2100 690 2187 potest,
727 2116 811 2188 quae
850 2095 964 2164 omnia
988 2105 1026 2164 ut
1059 2093 1127 2171 luci

80 2298 81 2302 Ἰ
160 2228 356 2316 exponeret,
379 2240 472 2317 euml
485 2239 624 2314 cogere,
652 2215 753 2288 nimis
774 2212 906 2294 ‘durum
931 2197 1028 2292 foret.
1157 2212 1159 2217 ’

111 2406 120 2419 .
206 2321 333 2415 Haecoe
360 2341 472 2413 omnia
498 2340 690 2414 commoda·
705 2341 804 2416 offert
832 2343 1018 2418 divortium
1047 2369 1127 2415 mu-

160 2483 219 2539 tuo
252 2473 435 2566 conjugum
460 2447 621 2540 consensu
651 2481 689 2539 ut
714 2469 749 2555 io
774 2471 814 2542 C.
835 2469 874 2545 C.
899 2471 943 2543 G.
972 2481 1023 2541 est
1038 2481 1127 2542 'san-

157 2595 262 2667 cituni
285 2592 354 2692 (l).
823 2676 826 2685 ,
987 2682 988 2685 ¹

111 2799 112 2804 ἵ
205 2721 299 2792 Vitia
323 2733 434 2792 autem
456 2733 491 2791 et
513 2717 750 2811 incommoda,
776 2722 912 2822 quaein
936 2725 954 2820 ᾗ
976 2722 1009 2797 2.
1025 2719 1060 2796 h.
1083 2721 1124 2798 C.

157 2849 395 2936 ieoensuimuS,
420 2873 488 2919 non
515 2848 625 2922 habet.
640 2889 688 2904 -
720 2850 831 2946 Magis
858 2850 950 2929 enim
965 2849 1123 2923 convenit

157 3003 233 3048 cum
255 2975 425 3075 principio
441 2987 475 3045 et
497 2987 616 3077 natura
638 2986 828 3045 contractus
850 2972 1118 3048 matrimonialis.

120 3133 122 3140 '
157 3102 325 3199 Conjuges
360 3099 498 3199 quidem
524 3113 603 3172 sunt
638 3122 799 3193 personae
832 3099 1051 3198 principales,
1090 3115 1123 3173 et
1161 3077 1169 3091 ⁰

153 3253 271 3301 eorum
293 3249 456 3299 consensu
469 3236 658 3328 contractus
672 3223 792 3314 initur,
821 3223 878 3298 sed
890 3227 926 3319 in
948 3252 989 3298 eo
1008 3239 1121 3307 autem

153 3356 253 3426 etiam
283 3346 515 3425 adscendentes
541 3351 665 3450 magni.
682 3363 759 3423 sunt
787 3354 969 3444 momenti,
997 3376 1118 3424 eorum

128 3579 131 3583 ¹
154 3506 330 3585 consensus
350 3479 438 3554 enim
458 3481 486 3550 si
505 3458 673 3568 minores,
697 3504 813 3568 eorum
840 3478 968 3553 consilii
991 3477 1019 3549 si
1033 3485 1118 3551 'ma-

82 3618 86 3625 '
152 3607 240 3702 jores
265 3622 361 3699 sunt,
400 3607 631 3680 contrahentes
661 3604 821 3706 indigent.
856 3591 936 3678 'sed
968 3618 1002 3677 ct
1023 3605 1115 3692 civiss

155 3788 513 3838 -“-····--”,-

181 3903 222 3972 (1)
242 3899 366 3967 noune,
389 3904 408 3954 1.
426 3905 562 3970 inies.
