2564 4770
441 352 656 466 ¹io·

46 606 263 708 »iigebleken
291 607 319 676 is
348 605 444 704 (l).”
458 646 507 662 -
539 602 640 698 Quod
665 602 806 702 denique
834 605 949 676 attinet
976 605 1019 678 ed

67 735 115 808 rei
145 731 388 833 turpitudinem
423 729 592 830 (scandale
616 729 658 802 de
692 729 724 802 la
759 729 874 825 chose)
907 731 1019 807 virum

67 861 122 935 Ill.
151 856 313 935 nroonn'i
342 856 461 958 regaie
487 857 586 931 nobis
611 857 727 955 lineat,
760 856 842 958 quid
868 858 1020 957 turpius,
1150 912 1153 918 -

68 987 152 1086 quid
172 986 321 1077 civitati,
343 983 479 1057 familiis
498 997 530 1057 et
549 983 662 1069 liberis
680 984 914 1082 perniciosius,
939 983 1022 1086 quid

68 1112 179 1212 megis
206 1123 321 1185 contra
352 1135 464 1184 mores
495 1124 528 1182 et
561 1109 725 1209 pudorem
753 1134 906 1209 pugnans
914 1098 932 1202 ,¹
958 1108 1022 1183 do-

69 1240 223 1312 mesticas
247 1226 496 1326 altercationes,
530 1234 746 1308 dissensiones
772 1247 805 1312 et
830 1236 918 1309 rixas
939 1261 1025 1310 con·
1110 1223 1114 1231 ’

69 1367 189 1464 jugum
215 1364 326 1442 velere
338 1418 348 1455 ,
372 1389 415 1436 en
443 1388 525 1440 vero
548 1364 661 1435 omnia
685 1388 769 1464 quae
793 1362 878 1436 inter
904 1362 1025 1462 priva-

70 1504 124 1565 tos
147 1492 288 1591 parietes
314 1490 401 1564 dicta
425 1491 553 1566 factove
576 1502 673 1582 sunt,
694 1489 761 1562 luci
783 1489 975 1589 exponere?

118 1618 243 1691 Omnia
278 1617 382 1716 igitur
416 1621 630 1716 argumenta,
666 1641 730 1715 pro
756 1615 814 1689 illa
841 1614 1026 1692 divertendi

74 1744 201 1815 ratione
224 1742 374 1842 prolntn,
407 1744 434 1814 si
456 1742 691 1815 contrahamus
713 1754 813 1842 atque
838 1741 1027 1841 perpenda-

74 1861 168 1959 mns‘,
195 1869 279 1941 tanti
301 1869 473 1943 momenti.
489 1881 521 1942 et
545 1867 702 1967 ponderis
726 1867 825 1940 uobis
850 1866 1027 1959 videntur,

75 2007 112 2068 ut
134 2011 204 2068 non
233 1994 424 2068 dubitemus
451 1994 667 2068 utilissimum
695 1992 878 2067 remedium
908 2018 1027 2070 vocare
1125 2012 1158 2026 '¹

73 2120 258 2199 divortium
292 2135 409 2194 mutuo
440 2123 622 2224 conjugum
657 2145 817 2194 consensu
849 2121 900 2193 uti
926 2122 961 2194 in
987 2122 1026 2195 C.
1170 2091 1173 2103 Ι

77 2249 117 2323 C,
156 2250 199 2322 G.
215 2342 217 2349 4
234 2261 284 2321 est
316 2248 500 2340 sancitum,
537 2249 583 2321 ita
616 2260 655 2321 ut
689 2249 828 2346 quisque
859 2245 1029 2347 legislator

76 2373 132 2447 illo
170 2374 373 2448 admittendo
407 2376 491 2449 bene
528 2373 697 2448 consulere
730 2374 827 2447 nobis
855 2353 1008 2450 videiur
1020 2424 1032 2462 ,

75 2515 109 2574 et
132 2502 274 2583 ciuitatis
299 2515 332 2575 et
358 2504 542 2601 conjugum
569 2513 603 2574 et
625 2500 808 2574 liberorum
834 2512 868 2573 et
893 2491 1027 2595 niorpm
1070 2524 1073 2529 ’

78 2625 275 2700 commodis.

107 2940 150 3010 (1)
170 2941 207 2991 ns
234 2940 310 2992 orat.
332 2958 361 3009 p.
387 2939 405 2990 1.
432 2928 463 2991 ιε’
486 2938 526 2991 u.
551 2936 627 2990 1⁸29.
648 2901 778 2990 'senate
804 2935 838 2990 ro
860 2937 936 2990 reor.
962 2933 1036 2988 1829.

91 3070 94 3081 ,
168 3031 210 3081 rr
228 3029 270 3080 49.
