2564 4770
688 355 745 452 26ἱ

236 569 389 659 interest,
427 591 500 639 eam
508 607 529 663 ῃ
538 579 735 666 potestatem
747 619 758 656 ,
799 566 951 638 stabilem
984 593 1021 640 ac
1056 569 1191 641 firmam

238 714 391 786 monere,
414 719 521 795 neque
543 693 621 768 ullis
647 693 790 768 diminui
812 694 924 767 modis
952 694 1021 795 (1).

284 827 347 900 IV.
397 825 567 916 Quartum
593 822 733 920 denique
772 834 1008 920 argumentum
1037 848 1076 897 ex
1112 847 1194 895 mo-

237 980 314 1028 rum
326 950 515 1051 corruptela
534 950 712 1053 bominum
731 961 784 1023 est
796 949 948 1048 petitum.
999 948 1088 1024 Sunt
1104 949 1193 1022 enim

234 1080 325 1182 apud
361 1106 418 1154 eos
446 1078 614 1152 ‘adulteria
646 1088 716 1150 turn
749 1077 933 1177 frequentia
960 1090 999 1148 ut
1025 1077 1195 1177 periculo-

236 1237 311 1284 sum
340 1222 424 1280 esset
445 1205 606 1277 uxoribus
629 1206 721 1281 niam
743 1205 892 1301 aperire,
916 1231 1002 1304 qua,
1025 1195 1196 1277 indefinite

234 1349 374 1436 propter
411 1331 506 1405 illum
539 1313 616 1404 lidei
635 1331 872 1406 'violationem
909 1344 1021 1429 petere
1059 1346 1199 1429 possent

234 1460 443 1534 matrimonii
455 1453 750 1532 dissolutionem
770 1457 852 1530 Inde
864 1459 954 1529 enim
972 1456 1098 1529 multae
1123 1456 1198 1528 ori·

235 1588 342 1661 undae
373 1586 450 1658 lites
479 1611 530 1658 -ac
562 1584 699 1683 turpes,
738 1610 843 1684 quae,
871 1561 959 1655 'eum
995 1583 1198 1656 adulterium
1235 1626 1237 1630 >

234 1703 515 1788 diffieillimaesit
538 1705 768 1812 probationis,
793 1711 923 1811 saepius
936 1711 979 1784 ad
996 1711 1081 1783 nihil
1105 1710 1196 1791 aliud

236 1842 411 1930 dnoerent,
431 1842 500 1946 'nisi
522 1839 565 1913 ad
589 1839 809 1912 dissensiones
830 1840 917 1912 inter
936 1841 1094 1941 conjuges
1113 1862 1196 1937 gra-

169 2045 171 2049 ,
235 1970 346 2044 viores
377 1967 559 2040 reddendas
594 1980 628 2037 et
662 1968 793 2039 animos
818 1968 888 2064 jam
920 1967 1047 2056 iratos,
1087 1965 1198 2065 magis

235 2095 410 2193 magisque
433 2090 679 2166 exacerbandos
707 2104 744 2164 et'
774 2070 998 2191 asperandos:
1037 2092 1112 2166 illas
1128 2090 1199 2164 'an-
1231 2160 1258 2175 „

182 2272 186 2280 ι
234 2236 305 2294 tem
345 2220 570 2324 comprimere
604 2218 680 2291 lites
713 2219 863 2292 civitatis
897 2220 1045 2295 interest
1108 2220 1199 2292 Hinc
1238 2285 1244 2290 .

181 2380 208 2442 χ
234 2347 390 2422 nonnulli
427 2348 461 2418 i‘n
504 2345 691 2420 Ordinibus
729 2345 951 2419 Generalibus
980 2338 1199 2420 ‘'statuerunt:

236 2478 317 2550 nDe
340 2473 589 2574 echtscheidlng
611 2495 744 2573 wegens
758 2473 911 2572 overspel
925 2499 991 2550 van
1015 2473 1080 2546 deu
1099 2498 1199 2562 man,

236 2602 393 2675 nzonder
420 2598 639 2697 bijlrouiende
663 2625 750 2678 voor
777 2599 818 2672 de
838 2625 970 2675 vrouw.
984 2599 1201 2698 beledigende

235 2711 586 2828 nomstandigbeden,
623 2707 676 2810 ,zal
705 2728 777 2804 vele
806 2729 983 2805 berwaren
1019 2728 1200 2827 opleveren

131 2864 136 2871 '
236 2883 311 2933 nen
347 2857 508 2956 droerige
543 2855 708 2956 gerolgen
742 2855 896 2948 hebben,
936 2855 1056 2927 zoodat
1085 2857 1201 2954 eeoige

237 2976 365 3055 nleden
388 2985 493 3060 liever
505 2984 546 3056 de
567 2982 815 3081 ecbtscbeiding
839 2982 954 3082 gebeel
978 2981 1103 3056 zouden
1119 3008 1203 3058 ver-

236 3129 421 3208 nwerpen5
449 3110 515 3181 dan
538 3109 671 3185 dezelve
697 3135 743 3208 op
763 3093 861 3180 wdeza
880 3117 979 3206 wijze
1007 3135 1198 3185 aannemen.

237 3240 322 3333 nZij
362 3235 500 3308 zouden‘
516 3217 713 3311 vermeenen
740 3235 836 3330 alnoo
864 3237 923 3310 der
956 3237 1199 3337 maatschappr'j

179 3407 181 3411 <
238 3345 361 3439 nmeer
389 3365 498 3438 dienst
525 3377 557 3434 te
579 3363 665 3437 doen
689 3362 787 3464 (2).''
848 3453 859 3459 a
921 3429 925 3435 ,

268 3626 308 3694 (1)
327 3625 452 3694 Loculi,
473 3630 492 3697 l.v
512 3631 530 3680 l.
548 3649 574 3698 p.
593 3632 652 3683 105.
689 3631 735 3682 De
753 3644 884 3695 nanrrz,
912 3632 931 3683 l.
948 3631 967 3682 Ι.
985 3648 1012 3697 p.
1034 3631 1075 3680 17.

268 3717 310 3786 (2)
332 3719 443 3785 Verrlug
467 3722 512 3772 der
536 3724 649 3791 neutrale
674 3717 803 3790 ofdae'ling
830 3740 931 3789 wegens
955 3724 1002 3772 den
1018 3722 1056 3774 X.
1082 3725 1140 3774 titel
1155 3740 1205 3773 van

328 3811 369 3860 het
396 3813 586 3886 ooderwgvan
612 3813 642 3865 B.
660 3813 711 3864 W.
729 3816 969 3876 »Staatscourunh
998 3816 1025 3865 6.
1044 3815 1108 3884 Julij
1131 3813 1206 3865 1822.

328 3898 379 3952 ΝΟ.
401 3902 460 3951 1572
892 3915 896 3923 ’
