2556 4792
571 511 598 570 ',
697 444 743 514 36

129 662 133 669 ’
240 658 322 730 item
344 666 421 727 sunt
442 653 631 745 habendae,
660 656 689 724 si
710 624 843 726 'locum‘
858 651 981 723 habent
1013 653 1104 749 apud
1127 654 1201 752 ple·

240 751 342 872 beni,
370 806 454 879 quac
480 780 673 875 rudioribus
696 793 727 852 ct
743 780 863 850 ¹minus
890 777 1027 849 excultis
1049 779 1200 850 moribus

240 909 370 997 utitur,
406 919 444 978 et
465 905 554 1004 apud
584 931 687 1007 quam
715 905 827 1005 itaque
856 904 935 976 talia
958 902 1047 975 dicta
1075 904 1201 980 factave

175 1021 177 1026 ¹
238 1032 323 1104 nihil
347 1030 669 1122 extraordinarium,
712 1030 796 1102 nihil
831 1030 1029 1127 injuriosum
1068 1029 1199 1104 habent

239 1157 438 1257 legislatori
473 1158 594 1252 sufficit
629 1157 852 1256 praescribere
879 1155 1066 1253 generalem
1099 1181 1199 1254 regu-

238 1285 327 1373 lam,
364 1283 558 1384 prudentiae
587 1282 706 1379 judicis
722 1280 926 1354 mandatum
956 1294 1006 1354 est
1031 1280 1125 1372 illam
1147 1287 1213 1354 re-'

238 1408 352 1507 gulam
383 1409 426 1481 ad
451 1407 607 1506 speciales
631 1407 799 1508 applicare
829 1433 924 1480 casus
954 1406 1023 1506 (l).

287 1527 385 1608 Cum¹
407 1549 518 1609 antem
556 1536 697 1610 saevitae
733 1552 767 1606 ct
795 1535 933 1631 injuriae
961 1534 1035 1604 talis
1070 1533 1200 1631 generis

237 1687 306 1736 esse
327 1663 476 1760 possint,
508 1673 546 1733 ut
565 1686 630 1761 pro
652 1663 727 1761 ipso
742 1662 903 1760 temporis
926 1671 1094 1732 momento
1118 1659 1199 1756 qui-

38 1875 42 1886 ·
141 1858 143 1862 ,
237 1786 313 1879 dem
337 1789 442 1865 vitam
457 1812 670 1860 communem
693 1787 934 1860 intolerabilem
957 1784 1113 1874 reddant,
1142 1783 1198 1856 sed

162 1911 164 1915 ⁴
237 1927 348 1987 tamen
370 1915 480 1986 omnis
504 1940 578 2016 spes
602 1913 876 1988 reconciliationis
900 1909 1049 1983 nondum
1073 1902 1200 1982 sublata

145 2043 146 2046 ’
237 2039 299 2126 sit,
340 2039 479 2108 fortasse
521 2038 695 2136 prudentis
732 2053 765 2110 et
809 2038 965 2136 sapientis
1003 2036 1199 2138 legislatoris

118 2245 121 2254 Ἰ
236 2173 341 2251 esset,
396 2159 498 2257 judici
539 2161 727 2232 facultatem
770 2161 869 2250 dare,
899 2176 952 2233 ut
987 2188 1051 2260 pro
1089 2187 1199 2234 rerum

235 2286 490 2359 circumstantiis
517 2287 571 2362 vel
593 2286 707 2387 statim
733 2284 891 2380 concedat
917 2286 1120 2387 divortium,
1145 2287 1199 2364 rel

234 2413 384 2512 primum
407 2425 540 2502 tantum
568 2413 748 2510 permittat,
770 2412 1012 2510 separationem
1039 2415 1199 2512 proviso—

234 2538 342 2628 riam,
373 2555 465 2636 'quae
501 2540 534 2616 si,
564 2564 626 2636 per
654 2538 732 2608 satis
766 2512 906 2636 longum
935 2552 1066 2637 tempus
1092 2541 1200 2630 dura·
1253 2528 1256 2537 ⁸

233 2663 336 2739 visset
365 2689 398 2750 γ.
427 2690 455 2737 c.
482 2689 552 2763 per
587 2688 693 2737 unum
720 2664 774 2738 vel
815 2663 899 2736 duos
932 2678 1063 2756 annos,
1081 2735 1084 2739 ,
1105 2667 1200 2739 nulla

233 2789 419 2865 interventa
451 2769 739 2881 reconciliatione,
775 2801 908 2890 petente
939 2792 1101 2891 conjuge,
1138 2795 1199 2892 qui

233 2918 397 2990 actionem
421 2916 585 3007 instituit,
613 2917 738 2992 mutari
752 2915 919 2989 debuisset
931 2917 967 2988 in
989 2904 1195 3011 divortium,

47 3054 50 3061 “
177 3056 180 3060 ’
230 3053 303 3108 tum
328 3041 418 3113 enim
439 3039 517 3113 satis
541 3055 727 3133 constaret,
757 3068 892 3116 omnem
918 3042 1195 3121 reconciliationis

232 3160 331 3262 spem*
365 3165 531 3238 sublatam
565 3191 670 3257 esse„
689 3178 788 3265 atque
814 3168 912 3240 rixas
947 3180 981 3239 et
1011 3167 1196 3241 discordias

148 3348 151 3354 .
230 3292 301 3387 ejus
327 3315 397 3364 esse
423 3291 576 3388 generis,
612 3303 650 3362 ut
686 3317 722 3364 re
745 3311 833 3368 vera
851 3294 1030 3390 praebeant
1059 3319 1191 3368 causam

100 3395 103 3401 .
221 3415 413 3524 divertendi
441 3415 510 3518 (2).

198 3773 563 3849 ·(1)Locas,1.1..p
582 3782 640 3834 119.

255 3864 296 3934 (2)
314 3863 422 4008 ἐξιοῦσα.
443 3872 499 3923 σίν.
510 3873 580 3927 Gall
591 3871 650 3926 talis
665 3871 1041 3946 facultasjndieiconcoditur
1061 3879 1122 3984 Art.
1131 3881 1199 3949 259,
