2564 4770
635 389 641 510 *t
712 392 774 462 32.

224 638 228 645 ·
261 601 465 677 horrendum
490 599 660 672 homicidii
688 603 913 696 committere,
950 630 1055 706 nequa
1091 611 1135 682 ab
1174 639 1216 685 co

259 732 499 820 absterreatur,
523 730 616 802 metu
640 755 766 830 poenae
781 717 893 830 ¹quum
921 731 1012 807 luere
1035 734 1152 830 dehet,
1187 742 1214 812 si

197 911 206 922 -
256 860 384 933 crimen
411 853 676 960 deprehenditur.
1012 845 1013 848 ¹

304 983 370 1058 sed
395 989 434 1057 et
459 984 581 1080 conjux
614 983 771 1060 innocens
805 984 882 1082 cogi
913 1009 983 1057 non
1010 1000 1139 1086 potest,
1175 1004 1214 1063 ut

204 1188 206 1192 ,
252 1123 384 1186 maneat
407 1111 440 1181 in
472 1109 726 1231 conjunctione,
750 1135 833 1209 quae
860 1111 890 1182 ei
914 1125 964 1184 est
989 1116 1214 1212 periculosis·

155 1243 160 1256 “
253 1241 356 1328 sima,
387 1262 454 1335 que
481 1235 622 1306 durante
652 1236 758 1312 vitam
784 1237 940 1311 miseram
965 1236 1086 1339 degere
1114 1242 1213 1318 debet

251 1366 285 1436 in
313 1344 474 1462 perpetuo
498 1373 617 1449 metu,
631 1347 734 1459 inque
758 1365 960 1464 sempiterna
988 1368 1151 1442 anxietate
1176 1384 1211 1443 et

229 1486 490 1576 sollicitudine,
514 1484 626 1557 ncilla
654 1486 830 1560 insidiatur
855 1489 898 1561 ab
925 1490 1029 1566 altero
1053 1495 1209 1595 conjuge.

296 1617 350 1687 11⁰
398 1612 456 1687 De
475 1609 621 1684 saevitiis.
668 1611 835 1717 Saevitiae
863 1630 943 1689 sunt
979 1645 1095 1694 omnes
1132 1621 1212 1696 illae

247 1740 454 1831 vexationes,
488 1738 726 1829 cruciatuum,
763 1740 922 1814 laesiones
950 1759 983 1817 et
1005 1723 1214 1844 privationes

134 1967 138 1974 ἱ
188 1967 194 1978 l
247 1867 425 1969 physicae,
446 1887 529 1966 quas
538 1866 642 1938 homo
659 1866 789 1938 homini
803 1866 954 1967 infligam
975 1858 1109 1966 potest,
1123 1879 1230 1972 quae'

247 1995 384 2093 quidam
407 1993 626 2064 domesticam
640 2018 756 2090 pacem
776 2006 811 2066 et
823 1995 971 2094 quietem
983 1998 1121 2072 omnino
1135 1993 1212 2074 tol-'
1235 2023 1241 2046 ¹

244 2120 339 2209 lunt,
364 2121 535 2217 vitamque
564 2142 779 2217 communem
805 2145 873 2192 non
897 2123 1106 2198 tolerandam
1128 2126 1209 2200 red-

245 2245 350 2340 dunt,
371 2245 500 2330 avitam*
516 2270 594 2318 vero
621 2270 689 2318 non
713 2244 748 2316 in
772 2246 960 2345 periculum
987 2247 1116 2324 ducunt
1132 2253 1206 2352 (l);

114 2364 116 2372 ¹
189 2432 191 2436 .
243 2372 476 2447 Periculosum
500 2373 601 2445 nobis
619 2372 752 2448 videtur
779 2377 957 2475 conjugem
980 2377 1026 2448 ita
1048 2391 1209 2454 vexatum

214 2513 285 2574 et
301 2503 485 2573 cruciatum
511 2500 689 2598 prohibere
717 2502 899 2602 quominus
932 2515 1026 2602 petat
1054 2507 1207 2604 conjugii

215 2621 217 2625 ’
241 2626 382 2700 infelicis
409 2626 689 2702 dissolutionem:¹
719 2626 905 2704 cavendum
927 2627 1036 2719 euim,
1080 2656 1123 2703 na
1145 2631 1208 2702 iu-

240 2755 321 2831 felix
342 2755 500 2853 'conjux,
537 2755 672 2828 cumei
701 2755 820 2854 alege
846 2756 980 2829 nullum
1013 2756 1131 2830 datum
1159 2759 1207 2830 sit

241 2884 429 2982 legitimum
459 2884 643 2955 remedium
665 2883 770 2954 tristis
795 2883 1040 2979 conjunctionis
1066 2882 1206 2956 solven-

239 3009 320 3097 dae,
350 3008 392 3078 ad
419 3007 630 3109 illegitimum
649 3021 683 3079 ct
707 3008 848 3081 vetitum
871 3004 1056 3102 confugiat
1107 3008 1205 3084 Talis

239 3147 351 3206 autem
388 3146 438 3204 est
465 3133 611 3206 hominis
641 3143 779 3247 natura,¹
817 3143 876 3221 ut,
914 3148 1120 3241 quamquam
1159 3140 1205 3210 sit

160 3334 163 3341 ,
226 3258 483 3372 'placidissimus
519 3271 552 3331 et
579 3257 690 3331 omnis
725 3255 875 3330 criminis
904 3245 1050 3350 alienus,
1088 3275 1204 3336 tamen

237 3390 308 3485 ejus
336 3386 486 3477 animus,
510 3385 714 3487 quotidianis
741 3386 994 3479 vexationibus,
1019 3387 1217 3484 sempiter-

238 3515 291 3586 nis
304 3515 576 3607 crudelitatibus,
598 3516 645 3588 ita
666 3514 837 3606 irritetur,
856 3514 949 3615 quod
967 3515 1081 3615 potius
1094 3541 1200 3617 qnam

263 3857 304 3926 (ι)
324 3833 447 3922 nocua,
466 3858 486 3908 ι.
503 3859 523 3909 1.
538 3877 565 3928 p.
581 3860 641 3912 116.
679 3862 849 3930 consume,
868 3860 886 3910 1.
906 3859 924 3909 1.
942 3877 968 3926 p.
989 3861 1047 3942 us.
1088 3858 1201 3926 notia,

324 3947 343 3997 l.
363 3946 381 3998 l.
397 3964 424 4014 p.
445 3946 504 3998 ³27.
