2564 4770
509 373 533 462 Ῐ
618 421 665 493 aa

164 642 276 717 locum
301 640 518 727 obtinuisse,‘
535 639 637 737 a'tque
658 641 814 738 conjuges
838 645 1008 715 communi
1029 669 1119 716 ‘cou-

164 793 283 857 sensu,
306 761 369 839 sub¹
391 765 526 837 nomine
538 765 722 837 malitiosae
739 763 934 839 desertionis
942 741 957 857 ,¹
976 768 1011 839 in
1026 768 1120 841 frau-

162 895 245 966 dem·
264 895 366 992 legis,
387 918 418 964 -a
444 916 477 962 se
500 891 648 966 invioem
676 890 881 982 discessisse,
909 896 1024 993 negari
1050 920 1120 967 non
1189 971 1192 979 Ι

161 1035 282 1121 potest.
331 1016 396 1092 Sed
430 1043 636 1118 quamquam
655 1018 826 1116 legislator
858 1018 953 1093 illum
980 1021 1120 1094 abusum
1178 1113 1182 1125 Ι

118 1215 123 1232 ,
161 1148 295 1245 penitus
331 1165 443 1217 eruere
479 1144 618 1216 fortasse
651 1169 719 1215 non
757 1157 886 1242 polest,
923 1158 1034 1218 tamen
1070 1146 1120 1217 illi

160 1273 307 1346 multum
345 1272 484 1346 obviam
517 1271 565 1343 ire
600 1283 747 1367 potest,v
767 1270 795 1341 si
826 1296 944 1369 nempe
979 1271 1015 1343 in
1049 1271 1121 1371 lege

161 1400 240 1471 satis
263 1398 403 1498 long'um
422 1401 582 1496 temporis
604 1397 770 1497 spatium,
794 1423 828 1473 v.
843 1423 872 1472 c.
888 1399 1036 1498 quinque
1059 1425 1122 1471 au-¹

161 1550 300 1616 noram,
343 1524 458 1597 definit
492 1523 659 1623 antequod
680 1525 830 1624 elapsum
854 1525 989 1624 conjugi
1023 1524 1121 1598 dere-

123 1646 127 1659 ’
159 1651 237 1724 licto
267 1675 338 1721 nou
368 1649 489 1739 liceat,
528 1651 569 1721 de
594 1652 775 1744 desertione
809 1652 942 1723 alterius
969 1653 1122 1751 conjugis

136 1845 137 1848 ,
160 1776 258 1877 queri
275 1773 351 1875 (l):
379 1787 458 1847 tunc
479 1774 568 1846 enim
589 1798 657 1844 non
683 1774 776 1847 facile
799 1778 967 1874 praesumi
990 1790 1120 1875 potest,
1175 1794 1178 1798 ⁴

158 1904 324 2001 aliquem,
347 1927 388 1973 ex
416 1899 588 1972 communi
624 1924 784 1972 consensu
807 1915 841 1974 et
869 1928 909 1973 ex
931 1901 1122 1975 fraudulosa

157 2009 362 2117 collusione,
401 2026 571 2125 reliquisse
600 2026 742 2100 domum
768 2029 977 2128 conjugalem
1008 2020 1142 2102 suam-¹

159 2179 224 2252 que
250 2152 433 2244 familiam,
470 2152 535 2225 hoc
570 2143 681 2228 autem
712 2155 741 2225 si
771 2169 878 2228 tamen
902 2157 1028 2229 lactum
1053 2170 1121 2248 est,
1172 2240 1176 2244 ,

158 2279 238 2350 satis
280 2257 485 2351 demonstrat
525 2254 631 2357 vitain
669 2305 883 2375 communem
921 2283 1123 2381 conjugibus
1175 2347 1201 2368 .,

157 2432 225 2479 esse
246 2407 501 2481 intolerabilem.
556 2463 558 2468 s
658 2471 660 2474 Α
707 2413 715 2471 ’.
741 2467 764 2479 ..
825 2391 827 2395 i

112 2633 114 2637 Α
203 2536 246 2608 In
266 2532 561 2632 disceptationibus
583 2533 623 2606 de
637 2533 822 2636 archetypo
832 2536 870 2610 C.
886 2536 925 2610 C.
938 2539 987 2612 G.·
1005 2550 1121 2610 contra

137 2658 283 2736 ¹huncce
308 2659 495 2733 divertendi
518 2636 677 2752 modum,
699 2661 801 2735 etiam
828 2662 930 2735 hocce
951 2663 1122 2762 prolatum

155 2784 220 2856 fuit
247 2797 501 2882 argumentum:
541 2785 633 2885 quod
649 2785 771 2858 'haene
803 2786 1027 2862 ratione'scil.
1057 2814 1125 2863 vo·

156 2915 266 2985 luntas
300 2912 398 2984 unius
426 2911 590 3014 sufficeret
624 2911 670 2983 adr
694 2912 950 2985 matrimonium
986 2913 1123 2987 solven-

156 3040 238 3113 dum
250 3040 320 3139 (2)
370 3041 483 3136 Hujus
507 3052 620 3111 autem
634 3040 824 3138 argumenti
847 3041 1019 3114 veritatem
1040 3067 1121 3140 per-

160 3167 286 3267 spioere
307 3191 374 3238 non
401 3190 589 3265 possumus.
614 3177 616 3183 ’
642 3167 775 3265 Conjux
798 3167 887 3253 enim
904 3169 961 3267 qui
979 3167 1120 3241 domum

156 3317 370 3366 communem
390 3291 529 3385 deserit,
552 3291 804 3367 matrimonium
826 3295 979 3390 jure‘non
1001 3293 1119 3382 solvit,

185 3675 226 3744 (l)
245 3673 295 3728 Uti
307 3675 335 3727 in
349 3691 422 3731 novo
440 3680 530 3726 nostro
547 3673 579 3726 C.
601 3672 633 3726 C.
651 3672 683 3726 B.

184 3750 417 3836 (atomum,
446 3760 471 3815 1:
491 3765 510 3815 1.
537 3781 564 3832 p.
590 3764 648 3816 aaa.
683 3762 811 3828 socna,
840 3763 860 3814 1.
887 3763 906 3815 1.
930 3781 957 3831 p.
975 3764 1020 3816 93.
1056 3762 1124 3814 »aa

245 3873 261 3905 n
273 3852 350 3918 effer,
377 3856 426 3908 elle
445 3862 491 3906 aut
508 3854 549 3906 eta
567 3872 601 3906 un
618 3871 713 3925 moyen
731 3845 888 3922 de'rompre
906 3854 1060 3923 lamariage
1076 3868 1124 3919 par

246 3943 298 3994 ula
312 3943 421 4000 'nolonte
437 3945 505 3998 d'rm
521 3945 593 3998 seul!
608 3945 629 3971 ”
