2564 4770
614 425 660 526 3⁷

596 632 707 776 sai
794 753 798 763 .

462 1006 465 1014 ,
514 928 572 1001 De
598 925 762 1005 Alisontia.

208 1144 352 1234 Absens,
379 1143 413 1212 in
439 1165 537 1213 sensu
562 1137 763 1238 quaestionis
789 1135 831 1208 de
855 1162 922 1237 qua
942 1159 1031 1208 nnnc
1045 1137 1119 1234 agi-

159 1295 254 1366 mus,
288 1283 337 1344 est
370 1267 426 1341 itte
454 1269 513 1366 qui
534 1278 683 1365 propter
707 1287 839 1337 causam
863 1244 1013 1364 aliquam
1048 1264 1121 1358 jus-

160 1413 229 1470 tam
251 1411 347 1496 atqne
374 1395 559 1496 legitimam
579 1393 721 1467 domum
746 1391 958 1476 communem
983 1403 1017 1461 et
1035 1414 1121 1461 con-

157 1525 267 1624 jugem
295 1523 455 1621 reliquit,'
483 1522 525 1596 de
551 1547 621 1621 qno
642 1533 766 1624 'autem
794 1518 854 1592 nbi
890 1518 953 1607 sit,
992 1543 1034 1590 en
1063 1517 1120 1593 vi-
1155 1530 1157 1540 '

156 1635 235 1738 rat,
258 1675 302 1718 an
330 1663 485 1720 mortuns
518 1649 580 1736 sit,
621 1649 808 1745 ignoratur.
850 1646 886 1717 si
904 1692 906 1697 -
922 1646 998 1744 quis
1029 1644 1120 1717 enim

159 1773 248 1846 nulla
272 1775 430 1846 existente
451 1791 567 1862 cansa,
596 1773 751 1869 nullaque
779 1772 855 1844 data
881 1773 1028 1859 ratione,
1056 1771 1123 1842 do-
1242 1816 1243 1820 =

158 1897 259 2006 mnmfi
282 1926 376 1972 sunm
402 1898 567 1988 deseruit,
597 1911 736 1976 vocatur
752 1896 938 1969 malitiosus
963 1897 1128 1982 desertor.‘

208 2029 298 2100 Cum
331 2024 591 2099 domesticarum
625 2049 736 2095 rerum
769 2049 849 2096 cura
871 2023 1002 2094 feminis
1025 2048 1123 2095 mnn-

159 2152 236 2224 data
260 2153 323 2242 sit,
364 2150 429 2225 viri
455 2163 565 2223 autern
605 2175 761 2248 quaerere
791 2149 931 2223 debeant
957 2148 1043 2222 unde
1068 2151 1124 2222 fa·
1192 2215 1193 2218 ,

158 2279 285 2351 miliam
310 2303 414 2349 suam,
429 2289 629 2367 sustentent,
655 2290 754 2376 atque
775 2272 919 2374 publicis
942 2276 1123 2374 fungantur
1191 2256 1212 2326 ἵ·

160 2405 294 2494 officiis,
325 2401 666 2504 plerumqoeaccidit
693 2416 730 2473 ut
750 2427 836 2474 uxor
865 2402 908 2474 sit
932 2403 1053 2497 conjnx
1076 2403 1122 2474 ita

156 2531 322 2605 derelicta.
368 2530 531 2601 Virorum
558 2530 668 2620 enim,
696 2528 750 2600 alii
779 2529 885 2628 copiis
909 2530 1121 2614 terrestribus

157 2659 211 2734 vel
246 2657 420 2732 navalibus
447 2657 590 2732 civitatis
619 2668 706 2726 ¹sunt
742 2655 923 2754 adscripti,
965 2658 1043 2748 alii,
1068 2661 1122 2752 ,in

157 2782 294 2880 regione
318 2797 402 2878 quae
424 2793 609 2850 mercatura
633 2780 748 2868 floret,
775 2783 809 2870 in
825 2780 1037 2877 privatorum
1059 2808 1124 2882 na.

159 2907 259 2983 ribos
278 2903 492 2991 mercatoriis
519 2905 698 2993 serviuntr
722 2904 777 2974 alii
812 2903 953 3003 deniqne
985 2898 1145 3005 sponte‚'

158 3048 194 3106 ut
219 3022 443 3106 conditionem
467 3056 562 3104 suam
587 3031 944 3124 melioremreddant,
971 3047 1070 3133 atque
1085 3035 1130 3109 nt
1171 3008 1174 3015 Ἰ
1243 3119 1247 3131 x

151 3161 209 3231 ¹ita
236 3159 364 3231 melius·
381 3157 497 3231 uxoris
525 3158 662 3233 dilectae
696 3171 730 3258 et
757 3160 1006 3235 carissimorum
1034 3164 1123 3236 libe-

137 3266 272 3360 ¹rorum
296 3285 480 3356 commodis
498 3287 692 3386 prospicere
711 3301 868 3385 possent,
890 3288 1135 3386 periculorum⁴
1179 3345 1182 3348 <

157 3415 254 3515 plena
278 3413 397 3484 itinera
426 3395 627 3508 suscipiunt,
660 3413 760 3485 etad
789 3416 942 3512 regiones
969 3423 1119 3486 externas

157 3553 190 3611 et
207 3540 419 3640 ‘longinquas
443 3538 574 3612 abeunt.
625 3540 759 3612 Horum
789 3552 899 3611 autem
936 3540 1035 3612 multi
1064 3543 1119 3618 vel

159 3668 194 3737 in
223 3666 313 3738 clade
339 3666 480 3755 cadunt,
511 3665 565 3740 vel
591 3649 765 3764 naufragio
791 3679 951 3764 pereunt,
979 3667 1038 3743 vel·
1052 3669 1118 3742 alio

161 3817 360 3893 quocunque
397 3791 501 3864 modo
527 3792 711 3883 intereunt,
747 3787 954 3893 quamquam
990 3796 1119 3868 nullum

158 3931 285 3991 certum
332 3920 485 3992 nuntium
533 3917 595 3991 hac
637 3917 678 3992 de
719 3943 755 3989 re
799 3919 891 3996 domi
934 3920 1115 4022 perveniat.
1183 4019 1185 4032 Ι
