2564 4770
565 441 588 510 5

95 651 494 751 plicantiumconjugnm
516 645 656 720 obrutus
673 659 708 720 et
732 647 773 720 ed
797 651 926 747 majora
950 670 1056 726 ever-·

95 777 193 850 tenda
221 775 550 864 mala,.snsn1rtus,
574 771 710 846 Novella
736 774 813 855 lto.

145 901 248 995 Quod
277 899 317 973 ad
341 912 464 983 ceteros
478 902 634 997 Europae
661 899 807 1000 populos
833 900 932 1000 hujus
961 907 1059 975 tem-'
1160 955 1164 963 ·

91 1029 190 1128 poris
216 1027 348 1116 attinet,
375 1025 748 1097 barbarorumnomine
771 1028 939 1125 cognitos,
962 1028 1053 1126 npud

92 1178 155 1224 eos
182 1151 324 1227 divortia
354 1149 474 1221 usitata
498 1148 599 1220 fuisse
625 1175 665 1221 ex
692 1149 832 1222 historia
858 1159 974 1249 patet,
1007 1156 1082 1249 sic·

95 1277 294 1350 nominatim
320 1274 409 1373 apud
435 1262 644 1350 Francomm
681 1276 829 1375 primam
861 1289 896 1349 et
932 1302 1054 1349 sccun-

93 1403 170 1474 dam
192 1428 310 1503 regum
323 1400 485 1505 familiam
509 1399 613 1498 multa
629 1415 808 1474 occurrunt
828 1401 1053 1478 divortiorum
1146 1398 1148 1411 '

93 1528 246 1627 exempla
275 1528 346 1628 (l)

141 1655 350 1726 Permissum
372 1653 475 1749 igitur
499 1653 590 1751 apud
614 1656 725 1728 varios
747 1645 899 1753 *populos
923 1680 1053 1755 semper

96 1778 162 1848 tuit
191 1776 397 1866 divortium,
432 1788 531 1874 atque
556 1778 674 1875 primis
696 1793 772 1874 post
797 1780 970 1853 Christum
999 1772 1055 1854 sc-

93 1905 199 1993 culis,
221 1904 325 1977 etiam
349 1902 441 2003 apud
467 1900 615 2002 populos
640 1885 835 1974 Christianis
865 1906 966 1976 sacris
994 1904 1057 1977 ad-

94 2028 224 2120 dictos,
254 2027 319 2100 hac
358 2029 392 2098 in
421 2053 456 2099 re
483 2026 567 2098 nihil
590 2041 641 2098 est
665 2027 841 2104 mutatum.

144 2154 211 2227 Sed
236 2178 322 2255 (cnm
351 2155 385 2224 in
409 2153 511 2227 Sacra
538 2152 711 2252 Scriptura
744 2155 906 2264 nonnulla
933 2183 1056 2230 occur-

94 2294 185 2352 runt·
199 2280 307 2373 loca,
328 2282 547 2353 nominatim
565 2280 623 2352 illa
651 2281 773 2357 verba:
812 2286 942 2375 »Quos
965 2287 1056 2356 Deus

91 2433 114 2480 n
125 2407 317 2505 conjunxit,
342 2406 446 2479 homo
472 2431 541 2478 non
568 2419 696 2507 separet
704 2416 743 2498 ,''
766 2411 808 2480 ex
834 2409 957 2508 quibus
986 2409 1054 2482 hu-

93 2536 146 2632 jus
170 2535 332 2633 temporis
348 2534 572 2607 Ecclesiastici
588 2535 808 2611 confecerunt
833 2562 851 2606 a
876 2536 1054 2614 Servetore
1164 2622 1168 2629 Ι

93 2661 220 2734 Nostro
259 2659 468 2757 prohibitum
501 2686 572 2733 esse
608 2661 813 2751 divortium,
860 2663 971 2753 illud,¹
1003 2665 1054 2736 uti

94 2785 267 2880 Religioni
280 2783 488 2854 Christianae
504 2787 731 2872 contrarium,
755 2787 1053 2881 improbaverunt,

94 2921 194 3007 atque
220 2907 276 2978 itta
306 2931 427 2979 eorum
466 2909 581 3005 opinio
619 2909 881 3028 confirmabatur
913 2915 1054 2986 Patrum

93 3047 128 3106 et
149 3033 380 3135 conciliorum
407 3033 616 3106 anctoritate.
666 3037 716 3121 Ea
744 3046 854 3110 autem
880 3037 920 3108 de
945 3037 1053 3111 indis-

96 3161 298 3234 solubilitate
326 3161 555 3250 matrimonii,
580 3160 698 3258 primis
726 3162 950 3260 temporibus,
974 3167 1054 3261 opi·
1129 3143 1132 3148 ‚

92 3288 150 3360 nio
163 3299 295 3359 tantum
308 3286 449 3384 iegibus
467 3285 707 3358 Ecclesiasticis
729 3265 793 3360 fuit
814 3289 1062 3386 comprobata·

26 3496 29 3503 ¹
95 3413 150 3487 sed
175 3424 343 3487 crescente
360 3413 396 3483 in
418 3411 508 3483 diem
523 3412 688 3486 Ecclesiae
705 3427 888 3512 potestate,
912 3426 946 3483 et
957 3412 1051 3486 Pon-
1138 3472 1141 3475 .

26 3837 30 3848 Ι
124 3770 166 3837 tt)
187 3767 229 3818 Ct.
247 3768 326 3851 Cnnp.
344 3781 493 3831 tonnerre,
520 3771 593 3820 Dian.
611 3772 640 3821 de
659 3771 821 3836 separatione
837 3773 874 3823 tt.
892 3779 918 3824 et
936 3790 969 3824 m.
989 3778 1060 3841 qus-

80 3896 82 3903 ,
186 3873 235 3924 qne
253 3875 308 3908 cum
322 3860 435 3910 divortio
454 3862 630 3911 convenientia
646 3867 671 3910 et
688 3861 829 3914 discrimine
843 3865 977 3917 comodum
986 3867 1061 3917 Iuris

188 3948 258 3997 Hod.
274 3950 413 4017 principio.
431 3941 519 4016 lingd.
536 3947 593 4001 Bet.
603 3949 679 4001 1827:
697 3967 754 4018 pag.
766 3952 806 4004 10.
873 3970 878 3980 ·
999 3938 1003 3947 ³
