2564 4770
548 392 550 404 ι
642 348 693 418 ’39

187 562 257 633 lum
285 585 345 660 per
370 572 442 630 tam
464 558 605 656 longum
633 571 763 657 tempus
791 562 945 634 nuntium
973 563 1015 634 de
1036 589 1075 637 eo
1102 567 1145 638 sit

184 686 343 760 allatum:
383 683 442 757 sed
471 685 519 775 uti
545 711 635 758 nunc
670 687 761 758 orbis
787 700 952 760 terrarum
985 702 1035 761 est
1062 702 1146 763 ccnss

186 814 288 903 ditio,
316 813 426 912 magis
447 811 623 910 probabile
649 813 747 885 nobis
768 812 923 905 videtur,
945 817 972 887 si
995 842 1056 916 per
1078 829 1146 890 tam
1201 859 1206 867 ·

183 939 329 1038 longum
349 950 480 1036 tempus
513 964 600 1014 uxor
633 938 719 1024 nibil
749 938 791 1011 de
817 964 859 1010 eo
887 920 1033 1033 audivit,
1058 927 1147 1017 ‘novi

185 1065 313 1138 amoris
333 1063 497 1138 illecebris
519 1063 706 1154 allicitnm,
734 1078 835 1173 atque
863 1066 996 1163 pristini
1023 1069 1147 1142 imme·

188 1191 456 1265 moremlactum
478 1184 731 1290 esseconjugii,
754 1191 935 1290 uxorisque
956 1190 1151 1284 derelictae,

189 1342 290 1415 quam
312 1315 377 1388 hcc
402 1316 557 1399 eccidisse
585 1295 697 1416 aliqua
723 1318 811 1392 vitae
842 1318 1071 1419 vicissitudine
1099 1321 1152 1395 vel

186 1442 382 1518 calamitate.
431 1442 498 1515 Sed
521 1443 651 1540 saepius
669 1443 770 1515 etiem
795 1444 936 1515 meritus
956 1469 996 1516 ex
1018 1445 1153 1544 profes-

184 1568 277 1642 sione
305 1595 385 1657 sua,
413 1581 446 1640 et
466 1569 635 1668 utfungat
649 1570 767 1642 officiis
794 1547 881 1661 suis,
903 1572 1035 1670 cogitur
1047 1571 1150 1670 longe
1200 1625 1202 1630 ·

184 1688 353 1791 suscipere
373 1705 408 1764 et
435 1688 620 1791 periculosa
645 1697 785 1785 itinera,
813 1710 847 1768 et
871 1699 1076 1795 ancipitibus
1094 1700 1152 1770 in-

148 1852 161 1872 ·=
188 1832 307 1892 teresse
328 1791 617 1918 expeditionibus,
653 1833 690 1891 nt
710 1833 788 1892 sunt
809 1834 926 1893 nautae
949 1796 982 1894 et
1008 1821 1160 1914 milites,
1236 1801 1238 1803 ¹

183 1959 216 2018 et
243 1972 323 2020 cnm
347 1946 384 2017 hi
412 1947 543 2044 saepius
570 1947 607 2016 in
628 1947 804 2044 naufragio
828 1948 1013 2038 intereant,
1037 1948 1093 2023 vel
1117 1951 1152 2021 in

154 2150 157 2159 ¹
185 2071 278 2144 clade
307 2070 444 2158 cadant,
480 2072 527 2143 ita
552 2083 588 2142 ut
614 2070 656 2144 de'
676 2096 795 2142 eorum
808 2085 929 2159 morte
952 2087 1040 2146 certe
1067 2098 1152 2148 con-

186 2212 273 2270 stare
298 2224 485 2298 numquam
509 2199 639 2296 possit,
670 2223 790 2270 eorum
823 2220 944 2273 uxores
968 2202 1004 2272 in
1029 2224 1154 2299 perpe-

185 2338 240 2396 tua
279 2324 443 2402 viduitare
477 2326 589 2402 vitam
616 2325 737 2423 degere
770 2324 1153 2427 debent,1quamqoam

183 2453 330 2526 maxima
356 2453 448 2525 adest
475 2427 716 2553 probabilitas,
743 2450 786 2524 de
810 2466 922 2525 morte
945 2447 1070 2529 maritiss

231 2580 299 2654 Sed
325 2581 378 2653 lex
403 2607 488 2681 qnae
514 2594 642 2674 tantam
676 2578 812 2653 adhibet
838 2603 955 2653 curam
981 2579 1023 2653 de
1055 2567 1152 2655 bonis·
1261 2663 1263 2667 v

184 2707 349 2795 absentis,
372 2720 406 2776 et
428 2732 513 2802 quae
533 2732 572 2777 ea
593 2730 723 2804 semper
750 2707 781 2777 ei
806 2719 935 2797 servat,
961 2708 989 2778 si
1014 2708 1154 2780 sortasse

185 2829 288 2921 redit,
310 2829 495 2930 incongrue
509 2842 640 2929 ageret,
653 2832 679 2900 si
692 2852 772 2902 eum
785 2832 972 2928 privaverit
991 2832 1034 2902 ab
1047 2833 1152 2905 caris·

184 2959 271 3030 simo
285 2969 319 3030 et
337 2955 581 3057 pretiosissimo
600 2955 713 3047 hono,
742 2980 863 3054 nempe
886 2982 905 3027 a
929 2957 1095 3059 conjuge(
1125 2958 1150 3054 ).

187 3083 311 3157 Huicce
338 3097 450 3158 autem
478 3097 680 3185 argumento
707 3083 900 3182 responderi
929 3097 1058 3183 potest,
1085 3112 1154 3160 non

186 3207 324 3282 eandem
349 3208 514 3284 rationem
542 3209 744 3312 sequendam
770 3192 860 3304 esse,
892 3237 999 3312 neque
1022 3189 1153 3285 eaedem

187 3337 321 3436 regulas
345 3337 507 3439 applicari
533 3364 629 3437 posse
657 3340 700 3413 nd
723 3341 813 3414 bona
840 3340 945 3415 acad
973 3338 1152 3412 matrimo—

187 3464 302 3559 nium3
340 3490 419 3537 nam
447 3451 583 3538 si'uxcr
608 3479 657 3538 est
678 3468 789 3540 mariti
814 3466 1020 3565 proprietas,
1048 3466 1186 3572 vicis«,

196 3724 553 3738 m

220 3885 261 3951 (1)
283 3887 448 3951 Constante,
471 3885 488 3935 l.
507 3885 525 3935 l.
546 3903 572 3950 p.
592 3884 649 3935 let.
766 3858 768 3863 ,

247 3983 252 4008 t
