2556 4792
619 417 665 490 37

600 624 712 768 ea!
798 746 802 755 .

466 999 470 1007 ,
519 920 577 993 De
603 917 767 997 Absentia.

212 1137 357 1225 absens,
383 1135 418 1206 in
444 1157 541 1205 seusu
565 1130 766 1231 quaestionis
793 1127 834 1200 de
858 1155 925 1229 qua
945 1152 1034 1200 nunc
1048 1130 1123 1226 ugi-

164 1287 259 1361 mus‚
293 1275 342 1336 est
374 1259 430 1332 itte
458 1261 517 1360 qui
538 1271 687 1358 propter
710 1279 843 1329 causam
866 1237 1016 1356 aliquam
1052 1257 1124 1351 jus-

165 1404 233 1463 tam
256 1403 353 1488 atque
379 1387 563 1488 legitimam
583 1386 725 1458 domum
750 1383 962 1469 communem
986 1395 1020 1454 et
1038 1407 1124 1455 con-

160 1518 272 1616 jugem
299 1516 434 1613 reliquit
443 1528 459 1605 ,‘
488 1514 529 1588 de
556 1539 626 1613 quo
646 1525 770 1616 'autem
798 1510 858 1587 ubi
894 1510 937 1585 sit
946 1564 957 1599 ‚
995 1535 1037 1583 au
1067 1510 1124 1585 vi·
1158 1524 1161 1533 '

160 1639 239 1730 rat,
263 1667 306 1710 au
334 1655 489 1712 mortuus
522 1642 584 1729 sit,
625 1641 812 1737 ignoratur.
854 1638 1001 1736 Siquis
1032 1637 1124 1709 euim

163 1767 253 1838 nulla
276 1767 434 1838 existente
455 1756 570 1854 causa,
599 1765 755 1861 nullaque
782 1764 858 1836 date
884 1766 1031 1852 ratione,
1060 1764 1126 1834 do-
1245 1809 1247 1813 >

161 1890 259 1966 mum
286 1918 380 1965 suam
406 1891 570 1980 deseruit,
600 1903 738 1968 uocatur
755 1889 941 1962 malitiosus
966 1890 1131 1975 desertor.¹

213 1988 302 2092 Cum
335 2016 595 2091 domesticarum
628 2041 740 2087 rerum
772 2041 853 2088 cura
874 2015 1005 2087 feminis
1028 2041 1126 2088 man-

163 2144 240 2216 data
264 2146 327 2234 sit,
367 2143 433 2219 viri
459 2155 568 2214 eutem
609 2167 765 2240 quaerere
794 2141 934 2215 debeant
960 2142 1055 2241 uude*
1071 2143 1128 2214 fa·

161 2270 289 2344 milium
300 2308 301 2312 =
314 2295 418 2341 suam¹
433 2281 633 2359 sustentent,
659 2281 758 2368 atque
779 2264 922 2366 puhlicis
945 2267 1126 2367 fungantur
1194 2251 1233 2319 Ϋ

163 2397 299 2488 officiis,
329 2393 670 2497 piorumqueaccidit
697 2409 734 2465 ut
753 2419 839 2466 uxor
868 2394 911 2482 sit
935 2396 1056 2490 conjux
1079 2395 1125 2467 ita
1246 2489 1247 2492 Ἴ

160 2521 326 2597 derelicta.
372 2521 535 2594 Virorum
562 2523 672 2612 euim,
700 2520 754 2592 alii
783 2521 889 2620 copiis
913 2522 1125 2607 terrestribus

160 2651 216 2726 vel
250 2649 424 2725 navalibus
451 2649 594 2724 ciuitatis
622 2660 710 2719 ‘suut
746 2647 926 2747 adscripti,
968 2651 1045 2741 alii,
1071 2654 1125 2744 ‚in

161 2773 298 2872 regione
322 2789 405 2870 quae
427 2785 612 2842 mercatura
636 2773 751 2859 floret,
779 2775 813 2866 iu
828 2773 1040 2870 privatorum
1062 2801 1127 2874 na.

163 2899 263 2975 vibus
282 2896 495 2982 ¹mercatoriis
522 2898 700 2984 serviunt‚.
724 2895 780 2966 alii
815 2896 956 2996 denique
988 2890 1149 2998 sponte,'

160 3040 198 3098 ut
222 3011 447 3098 conditionem
471 3048 565 3096 suam
590 3023 948 3117 meliorem-reddant,
974 3040 1073 3126 atque
1088 3028 1134 3101 ut
1245 3110 1251 3124 „

151 3153 212 3257 ita
239 3151 368 3223 melius·
385 3150 500 3223 uxoris
528 3150 666 3223 dilectae
699 3163 733 3251 et
760 3152 1010 3226 carissimorum
1038 3156 1126 3228 libe·-

134 3261 275 3351 'rorum
299 3276 483 3349 commodis
502 3279 696 3377 prospicere
714 3293 871 3377 possent,
894 3280 1138 3378 periculorum¹
1183 3337 1185 3340 -

161 3407 257 3507 plena
282 3405 401 3476 itinera
429 3387 630 3500 suscipiunt,
663 3418 697 3476 et
722 3406 764 3477 ad
792 3408 945 3504 regiones
972 3416 1122 3478 externus

159 3543 194 3603 et
220 3532 423 3632 longinquas
446 3530 576 3605 abeunt.
628 3532 762 3604 Horum
792 3545 902 3603 autem
939 3532 1038 3604 multi
1067 3535 1122 3610 vel

162 3659 198 3728 in
227 3658 317 3730 clade
342 3658 483 3747 cadunt,
514 3656 568 3732 vel
594 3641 768 3756 naufragio
794 3671 954 3756 pereunt,
982 3645 1121 3733 velatio

164 3808 363 3885 quocunque
400 3783 504 3857 modo
523 3784 714 3874 intereunt,
751 3810 958 3884 quamquam
993 3787 1123 3858 nullum

161 3922 288 3982 certum
336 3911 489 3984 nuntium
536 3910 598 3982 huc
641 3909 681 3983 d'e
723 3935 758 3983 re
803 3910 894 3986 domi
938 3912 1118 4012 perveniat.
1186 4011 1188 4020 Ι
