2564 4770
710 431 760 522 er

244 642 404 715 'rixarum
431 652 464 744 et
493 639 745 719 altercationum
771 652 1006 740 perpetuorum
1030 639 1115 713 iuter
1139 664 1219 712 suos
1261 648 1265 659 ‘

257 777 428 864 parentes,
466 765 562 840 facile
592 768 696 865 igitur
730 792 864 843 omnem
903 767 1147 841 observantiam
1182 781 1219 841 et

257 891 473 968 reverentiam
488 917 556 990 pro
576 917 668 976 sacru
680 905 857 991 parentum
877 917 1019 991 persone
1042 893 1218 989 omittuot3

255 1041 325 1091 non
339 997 674 1116 prospicitureorum
688 1018 890 1109 educationi,
918 1017 1101 1093 immodica
1115 1031 1220 1096 utun-

162 1180 165 1185 *
255 1155 311 1219 tur
332 1141 504 1234 libertato,
527 1144 612 1219 nihil
640 1146 743 1237 utile,
766 1171 834 1244 quo
859 1147 894 1221 iu
921 1146 1112 1243 posteriore
1132 1160 1221 1221 tem-

255 1294 339 1367 pore
354 1290 400 1342 se*
411 1281 593 1345 sustentare
605 1283 759 1368 possent,
779 1270 931 1362 discunt,
945 1284 1053 1370 utque
1079 1298 1220 1370 perver-

257 1420 312 1472 sos
341 1410 515 1472 assumunt
541 1421 653 1471 mores
664 1450 675 1488 ,
699 1399 746 1470 ita
765 1413 812 1470 ut
834 1397 972 1474 demum
1000 1385 1162 1476 dedecora
1189 1413 1223 1475 et

256 1523 403 1597 macules
433 1522 571 1597 humani
597 1525 728 1622 generis
755 1523 910 1601 evadant.
944 1508 1112 1600 ‘Infausta
1139 1552 1222 1602 vero

189 1659 193 1666 '
257 1649 473 1724 matrimonio
495 1649 627 1740 soluto,
661 1649 716 1726 rel
738 1662 839 1726 curae
864 1635 1017 1750 conjugis
1038 1652 1222 1756 innooentis

258 1776 425 1850 committi
444 1787 606 1875 possunt,
640 1775 695 1851 vel
717 1775 818 1851 etium
840 1776 907 1849 elio
932 1766 1040 1849 mode
1063 1777 1107 1850 iis
1135 1766 1242 1873 pro-¹

135 1888 140 1904 '
168 1943 172 1946 -
232 1903 341 1999 'spiri
367 1890 509 2001 potert‚.
534 1915 569 1975 et
595 1914 677 1976 tunc
704 1902 812 1977 adhuc
838 1924 968 1999 semper
995 1899 1139 2001 aliquae
1155 1902 1221 1976 ad·

256 2039 306 2097 est
334 2051 426 2122 spes,
449 2051 507 2098 eos
530 2026 631 2097 semel
654 2027 763 2099 bonos
787 2027 986 2124 utilesque
970 2027 1060 2104 cives
1081 2027 1222 2127 reipub—

255 2150 338 2224 licae
359 2150 559 2226 existituros.

306 2278 356 2352 3⁰.
380 2275 439 2350 De
464 2250 660 2377 grarrlrue
645 2276 780 2376 rnjurirlr.
835 2276 953 2352 Sunt
942 2279 1084 2376 rnjuriae
1102 2304 1223 2377 graves

255 2401 433 2476 taliadioto
456 2402 512 2476 vel
537 2403 644 2493 facta,
674 2429 780 2501 qnae,
807 2428 945 2478 omnem
958 2428 1110 2481 amorem
1131 2405 1221 2480 inter

257 2511 417 2623 conjuges
444 2506 615 2599 sublatum
648 2539 682 2599 et
710 2529 906 2604 extinctum·
924 2548 1017 2620 es'se,
1039 2530 1223 2620 denotent,

256 2652 381 2754 quibus
401 2651 512 2724 illoesa
541 2653 682 2725 afficitur
707 2654 819 2738 fama,
843 2654 952 2738 honor
979 2655 1125 2755 inclytus
1152 2657 1225 2728 lee-

50 2814 60 2833 ·
157 2863 159 2866 y
257 2779 365 2879 ditur,
389 2805 474 2879 quae
502 2779 689 2853 maximum
716 2792 924 2891 contemtum
950 2783 1165 2878 exprimunt,
1189 2795 1222 2853 et

165 2955 168 2964 -
256 2930 394 3004 prorsus
432 2902 611 3005 ostendunt
637 2906 742 2981 vitem
776 2924 992 2981 communem
1023 2907 1224 2979 intolerabi-

257 3021 324 3102 lem
347 3055 418 3105 esse
437 3031 580 3123 factam,
603 3056 688 3130 quae
716 3033 847 3130 saepius
866 3057 938 3109 non
956 3030 1124 3109 minorem
1146 3034 1225 3106 effi·-

223 3248 227 3253 ἱ
259 3158 352 3240 ciunt
365 3156 535 3248 dolorem,
548 3183 656 3256 neque
668 3158 810 3237 leoloreo
822 3157 946 3232 hebent
957 3157 1109 3250 effectus,
1123 3134 1227 3257 quem

257 3285 503 3363 vulnerationes
526 3297 561 3361 et
574 3284 782 3363 crudelitates
804 3284 1107 3386 physicae(l).-
1131 3284 1222 3356 Cum

238 3597 242 3608 ‘
286 3595 326 3663 (1)
346 3596 472 3664 Locuu',
497 3600 518 3659 l.
545 3601 565 3651 l.
592 3618 621 3667 p.
639 3601 697 3653 117.
732 3599 813 3655 »Cer
835 3601 1001 3671 expressione
1025 3597 1105 3651 n’ont
1129 3617 1175 3667 per
1203 3601 1228 3651 te

347 3687 459 3741 »meme
475 3680 673 3760 precision'qne
691 3691 834 3762 oelleehqni
851 3693 985 3760 designent
1000 3690 1041 3742 lee
1057 3689 1128 3743 deux
1144 3707 1233 3743 eaueee

274 3830 277 3835 -
347 3777 543 3843 ”rrtoedenter
561 3779 671 3839 edmieee
687 3799 736 3850 por
751 3778 838 3836 t’lrt.
856 3783 927 3837 251:
954 3780 1020 3833 meir
1042 3779 1157 3834 d’ehorrl
1173 3779 1233 3830 leur

346 3884 361 3914 »
372 3867 591 3935 repproohement
606 3874 639 3926 de
656 3860 743 3932 cellee'
758 3874 868 3928 d'exoele
884 3879 911 3926 et
926 3873 959 3924 de
977 3871 1076 3929 revicer
1099 3870 1229 3939 indique,

344 3959 485 4027 »qu’ellee
505 3970 564 4012 sont
583 3982 616 4014 eu
631 3965 734 4031 moral,
754 3981 783 4017 ce
804 3983 854 4031 que
864 3954 909 4017 ¹ler
924 3970 1010 4018 eutree
1017 3971 1077 4018 root
1085 3981 1116 4014 en
1136 3958 1233 4031 phyri-
