2564 4770
620 415 662 483 12

207 629 318 702 Hocce
331 624 582 698 incommodum
596 649 664 694 non
682 623 781 695 habet
804 622 1005 715 divortium,
1027 652 1109 700 nam

52 842 56 851 ·
159 781 235 828 cum
274 752 446 828 vinculum
481 751 654 848 conjugale
691 737 828 824 omriino
860 749 1029 841 solvatur,
1068 751 1110 823 ad

68 862 70 871 ¹
158 905 246 956 nova
274 891 353 953 vota
380 878 537 975 conjuges
566 879 705 973 possunt
733 876 891 964 transire,
928 888 960 947 et
996 876 1112 973 itaque

157 1005 194 1074 in
219 1004 377 1101 legitimis
402 1000 610 1100 amplexibus
643 999 850 1100 voluptatem
882 999 978 1072 illam
1005 1026 1110 1100 quae-

159 1154 251 1220 rere,
274 1154 372 1226 aqua
385 1153 419 1198 se
436 1151 576 1224 prorsus
604 1127 784 1233 abstinere,
808 1124 936 1197 homini
958 1140 1028 1204 tam
1043 1127 1111 1198 dis-

68 1318 73 1328 .
158 1254 244 1326 ficile
268 1265 333 1325 est,
376 1229 421 1324 Et
447 1276 518 1336 non·
544 1276 621 1321 raro
649 1253 708 1341 fir,
733 1264 769 1321 ut
796 1252 971 1348 conjuges,
995 1253 1111 1350 priore

158 1378 266 1450 soluto
301 1376 516 1448 matrimonio
550 1375 714 1465 divortio,
748 1400 851 1448 novas
879 1376 991 1445 ineant
1018 1402 1112 1474 nup-

134 1503 239 1591 tias,
277 1515 391 1601 atque.
407 1502 442 1571 in
478 1501 518 1570 iis
543 1499 652 1572 felices
660 1551 671 1589 ,
708 1513 742 1571 et
771 1499 923 1570 omnium
952 1501 1112 1573 aestima-

155 1627 257 1699 tionis
282 1624 397 1724 digni,
421 1625 557 1716 vivant,
580 1639 613 1698 et
626 1627 750 1722 itaque
776 1624 870 1697 utiles
894 1622 1038 1699 civitatis
1059 1627 1115 1696 ci-

146 1769 213 1826 ‘ves
240 1754 322 1825 fiant
349 1752 419 1852 (1).
656 1745 658 1750 ’

205 1877 409 1951 Laudatores
435 1891 469 1949 et
491 1876 676 1950 defensores
713 1877 930 1975 separationis
957 1876 1048 1947 thori
1078 1889 1114 1947 et

156 2028 286 2075 mensae
314 2003 476 2100 denique,
514 2015 552 2072 ut
577 2027 740 2099 magnum
769 2004 841 2098 ejus
874 1999 1091 2072 commodum
1103 2052 1115 2088 ,

157 2109 256 2199 affere
273 2124 413 2214 solent,
448 2136 485 2195 ut
514 2149 643 2221 semper
677 2124 785 2201 adhuc
819 2140 952 2199 maneat
987 2128 1023 2197 in
1056 2125 1115 2197 illa

59 2339 61 2351 Υ
156 2278 230 2352 spes
263 2249 537 2324 reconciliationis
569 2248 654 2319 inter
689 2250 869 2347 conjuges:
915 2251 982 2349 sed,
1010 2276 1114 2348 quam

157 2404 243 2454 vana
264 2391 297 2449 et
319 2378 426 2447 inanis
449 2375 521 2447 talis
535 2376 578 2446 sit
600 2400 674 2474 spes
693 2377 763 2473 jam
786 2375 906 2450 docuit.
920 2401 1114 2452 rusuruusz

158 2506 258 2576 »Eos
279 2501 468 2599 siquidem,
507 2501 616 2599 inquit
643 2502 753 2591 enim,
793 2504 852 2601 qui
881 2503 1031 2578 violento
1057 2503 1117 2575 af-

62 2614 63 2619 *
159 2604 295 2718 ufeetu,
319 2626 465 2727 odioque
479 2627 580 2698 semel
604 2628 749 2726 correpti
772 2627 924 2715 fuerunt,
941 2616 1118 2727 ¹perquam
1157 2718 1160 2724 Ι

146 2782 182 2829 a)
192 2754 324 2827 difficile
346 2768 396 2826 est
417 2726 629 2826 reconciliare
644 2745 740 2853 (2).''
779 2756 824 2832 Et
850 2755 1002 2866 omnium
1024 2765 1119 2823 tem-
1190 2741 1193 2749 ’

156 2910 280 2983 porum
305 2883 503 2980 experientia
532 2881 597 2954 hoc
632 2881 863 2967 confirmavit,
901 2891 934 2949 et
963 2877 1120 2975 exempla

46 3103 48 3109 Ι
78 2987 83 2994 i
158 3010 340 3102 conjugum
375 3021 602 3105 separatorum
642 3001 917 3081 reconciliationis
934 3026 1118 3098 vperquam

160 3156 235 3203 rara
260 3142 336 3201 sunt
354 3130 422 3227 (3)
447 3227 448 3230 Ἴ
472 3129 541 3198 Nec
569 3126 710 3196 mirum!
734 3148 814 3195 nam
839 3125 1033 3222 quomodo,
1057 3127 1119 3201 lite

159 3259 194 3329 in
220 3253 345 3355 judicio
371 3264 464 3341 acta,
487 3250 599 3350 palam
614 3240 814 3323 'domesticis
840 3252 934 3354 rixis
954 3266 987 3323 et
1012 3251 1119 3323 alter·-

103 3448 109 3457 ,
166 3453 168 3458 ,

187 3575 228 3642 (1)
247 3574 373 3639 Loeuri,
392 3575 487 3640 neptia
504 3572 539 3621 du
559 3572 587 3622 0.
602 3571 638 3622 Ν.
657 3568 731 3621 Paris
750 3568 825 3620 1806.
842 3570 889 3618 4²⁰·
912 3565 945 3617 T.
964 3565 1020 3618 lll.
1036 3586 1064 3636 p.
1075 3571 1120 3620 58.

189 3663 230 3730 (2)
249 3665 359 3714 Novella
379 3664 439 3715 140.
458 3660 540 3730 praef.

116 3810 117 3814 Ἰ
175 3752 231 3821 ,(3)
250 3751 372 3815 Locus,
391 3752 439 3803 l.l.
458 3770 485 3819 p.
497 3751 539 3802 58.
575 3749 601 3799 ll
615 3749 664 3816 n'y
683 3765 697 3797 a
714 3763 827 3815 presque
842 3763 888 3813 pas
905 3745 1068 3813 d’exemples
1090 3746 1145 3798 de'

249 3841 361 3892 reunion
379 3847 452 3893 entre
469 3840 538 3891 deux
556 3840 644 3907 e'poux
659 3837 776 3905 ae'parea,
791 3843 823 3887 et
839 3853 880 3887 cea
896 3836 1021 3888 reuniom
1035 3837 1126 3888 serent

251 3931 365 4000 quelque
383 3931 433 3982 lois
452 3930 704 3998 pluasscandaleuaea
721 3946 774 3994 que
789 3928 814 3977 la
832 3927 987 3999 separation,
999 3928 1095 3979 meme.
