2564 4770
684 376 729 446 221

272 591 390 662 Mulua
413 586 494 660 fides
518 544 702 685 conjugalis
725 586 834 686 magis
856 598 906 657 ost
930 549 1069 657 aeihices
1083 610 1185 697 prae-

224 729 381 814 oeptum,
404 740 506 812 quarn
533 715 615 812 juris
642 713 837 802 vinculum,
862 713 968 810 igitur
994 712 1062 784 sola
1083 712 1185 811 hujus

223 843 301 915 fidei
329 842 470 917 violatio
499 866 566 913 non
594 841 692 913 debet
717 864 853 913 causam
877 837 1064 914 divertendi
1088 864 1189 937 prae-

109 1021 112 1025 ·
223 969 325 1064 bereg
359 969 546 1068 legislator,
563 968 673 1042 civilis
700 968 790 1040 enim
826 993 894 1039 non
925 971 1057 1039 necesse
1086 964 1187 1036 habet

225 1098 339 1168 omnin
368 1097 514 1171 aethicus·
534 1110 712 1194 praecepta
749 1095 864 1194 sequi,
901 1091 958 1164 sed
990 1092 1132 1179 sufficit,
1165 1089 1192 1160 si

225 1236 380 1311 tantum,
417 1248 504 1320 qnae
541 1223 581 1291 iis
619 1234 838 1320 oppugnant,
876 1211 943 1290 nori
970 1217 1191 1317 praescribit,

223 1374 331 1446 neque
359 1347 534 1444 prohibet,
559 1323 653 1444 quae*
671 1347 714 1416 ab
744 1346 786 1416 iis
813 1343 1089 1443 praescribuntur
1118 1341 1190 1440 (l).

174 1509 179 1515 ’
222 1473 366 1546 Ratione
392 1473 496 1570 igitur
520 1472 634 1545 uxoris
661 1496 729 1543 non
758 1483 896 1569 propter
924 1466 1189 1574 fideil'violatio-

225 1624 324 1687 nem,
359 1596 416 1670 sed
444 1611 575 1671 tantum
602 1601 680 1698 quia
708 1589 806 1669 liberi
830 1597 930 1668 alieni
954 1595 1065 1701 hacce·
1080 1593 1194 1669 viola·
1241 1654 1244 1659 .

226 1726 317 1797 tione
346 1724 381 1795 in
405 1721 567 1804 familiam
594 1724 873 1818 introducuntur,
909 1716 1051 1796 maritus
1075 1720 1195 1801 divor-

226 1853 313 1924 tium
329 1865 439 1950 petere
458 1864 581 1950 potest.
630 1851 748 1925 Mariti
772 1863 882 1922 aunem
897 1846 1099 1920 adulterium
1122 1859 1194 1918 tam

225 2004 346 2076 graves
370 1978 506 2048 effectus
534 1977 701 2048 ordinarie
726 2003 793 2047 non
824 1977 941 2066 habet,
983 1975 1087 2077 igitur
1113 1985 1195 2079 tunc

227 2114 359 2172 tantum
387 2126 523 2172 eausam
556 2099 694 2175 divortii
719 2101 880 2199 praebere
905 2101 1025 2193 debet,
1064 2102 1091 2173 si
1115 2126 1194 2173 oum

229 2228 490 2324 circumstantiis
505 2227 767 2326 aggravantibus
782 2241 832 2300 est
847 2228 1054 2300 comitatum.
1083 2229 1195 2301 Mon-

129 2363 137 2372 ’
230 2378 486 2440 unsouruvlus
505 2353 569 2426 hac
592 2355 633 2426 de
657 2381 693 2427 re
716 2354 765 2427 sic
783 2354 952 2452 loquitur:
979 2351 1197 2438 »Effeetive-

229 2493 376 2571 ament,
400 2484 428 2570 a
448 2507 489 2553 ne
519 2480 676 2579 regarder
698 2482 730 2552 le
758 2481 907 2579 mariage
930 2505 995 2577 qne
1025 2477 1118 2552 dans·
1137 2478 1196 2552 des
1231 2494 1241 2504 ”

228 2607 349 2684 »ideas
373 2619 549 2706 purament
576 2606 774 2708 spirituelles
801 2620 835 2680 et
872 2608 956 2680 dans
988 2605 1019 2679 le
1055 2619 1200 2704 rapport
1263 2653 1267 2659 -

74 2742 86 2784 '·
154 2797 157 2805 .
229 2759 328 2831 »aux
362 2734 478 2807 choses
514 2731 557 2807 de
583 2733 704 2807 l'autre
733 2734 809 2825 vie,
846 2733 878 2806 la
903 2733 1067 2809 violation
1090 2746 1140 2805 est
1165 2732 1201 2805 la

132 2867 136 2872 “
214 2847 388 2936 amomo.
445 2859 609 2943 Maislles
638 2860 708 2934 loix
735 2859 919 2960 politiques
952 2876 987 2933 et
1014 2860 1130 2937 civiles
1156 2858 1200 2933 de

233 3012 255 3058 r>
263 3013 405 3084 presque
427 3001 505 3059 tous
531 2985 578 3058 les
604 2986 762 3084 penples‚
788 2999 848 3058 ont
874 3012 956 3060 avec
985 2985 1098 3085 raison
1123 2985 1199 3057 dis-

233 3112 382 3211 n'tingue
407 3137 460 3182 ces
483 3111 570 3185 deux
596 3112 751 3187 choses.’'
777 3110 997 3213 (adulterium
1027 3113 1100 3189 scil.
1122 3139 1199 3218 ma-

236 3239 294 3312 riti
317 3253 350 3312 et
377 3236 510 3334 uxoris)
546 3239 670 3312 »Elios
699 3253 760 3312 ont
782 3219 945 3312 demando
974 3239 1032 3312 des
1060 3239 1201 3311 femmas

234 3392 315 3440 nun
342 3366 444 3466 degni
475 3365 516 3437 de
544 3379 678 3455 retenire
706 3366 808 3439 etde
835 3367 1026 3440 continenoe
1039 3390 1059 3455 ,’
1074 3364 1200 3464 qu’elle

237 3497 433 3593 »n'exigent
455 3494 552 3593 point
585 3495 643 3567 des
677 3493 852 3586 hommes,
880 3518 1044 3596 parceque
1064 3492 1095 3566 la
1118 3496 1199 3571 vio-

229 3689 569 3706 m

265 3808 306 3878 (l)
327 3806 451 3875 Locnu',
481 3812 500 3865 l.
519 3813 538 3864 l.
564 3832 591 3880 p.
611 3810 669 3865 105.
705 3818 809 3885 Matisa.
828 3818 846 3868 l.
865 3817 884 3868 1.
909 3835 935 3885 p.
953 3815 1020 3884 327,
1048 3821 1116 3884 353,
1143 3819 1202 3869 401.

326 3896 373 3949 Do
393 3912 527 3965 nanrrz,
547 3904 603 3954 1.1.
622 3923 647 3971 p.
669 3906 709 3956 18.
