2564 4770
608 314 630 384 2
663 343 672 360 .

191 522 258 596 Sed
278 547 485 622 quamquam
511 547 645 614 omnes,
684 523 805 622 quibus
837 524 950 624 legum
983 527 1098 603 fereu-

141 649 259 723 darum
274 675 352 723 cura
374 649 611 723 eratmandeta
631 649 721 747 apud
746 650 889 748 populos
913 650 1093 753 cultiores,

141 777 388 867 intellexerunt,
412 775 570 866 salutem,
606 777 813 848 securitatem
843 789 877 848 et
898 779 1094 855 firmitatem

141 902 284 979 civitatis
298 902 478 975 arctissime
500 900 692 993 cohaerere,
717 927 795 975 cum
812 903 1009 1002 nuptiarum
1024 920 1095 979 sta—

141 1029 290 1119 bilitate,
329 1028 499 1101 sanctitate
526 1041 558 1100 et
585 1027 764 1128 dignitate,
800 1041 834 1101 et
853 1030 964 1129 igitur
992 1050 1093 1104 cum-

89 1236 94 1246 ,
141 1169 262 1232 verunt
287 1181 328 1226 ne
349 1155 465 1229 leviter
486 1155 540 1228 vel
566 1155 793 1253 imprudenter
815 1156 978 1228 inirentur
1003 1185 1093 1258 nup-

143 1283 226 1371 tiae,
259 1293 371 1352 tamen
401 1293 436 1351 et
461 1279 711 1370 intellexerunt,
747 1282 793 1352 ite
817 1307 886 1355 esse
917 1281 1093 1356 hominum

142 1408 363 1505 pravitatem,
404 1407 506 1479 animi
543 1407 798 1478 inconstantiam
834 1421 867 1479 et
902 1407 1095 1500 levitatem,

145 1532 187 1604 ad
214 1531 342 1606 malum
369 1533 636 1629 proclivitatem,
673 1546 707 1604 et
740 1534 820 1608 novi
851 1533 1022 1624 studium,
1058 1547 1095 1609 nt

145 1659 315 1731 nonnullis
337 1660 372 1729 in
401 1659 555 1750 casibus,
578 1658 619 1730 ad
644 1661 772 1756 majora
792 1659 969 1734 avertenda
986 1659 1096 1752 muln,

146 1809 274 1857 necesse
300 1797 384 1857 esset
412 1784 585 1861 vinculum
615 1785 698 1857 illud
726 1786 899 1884 conjugale
927 1789 1098 1862 sanctissi-
1151 1848 1153 1859 .

147 1938 243 1983 mum
266 1914 321 1988 vel
350 1913 447 2008 plane
475 1914 573 2007 posse
600 1912 755 2003 dissolvi,
779 1911 833 1988 vel
862 1912 977 1986 saltem
993 1915 1100 1990 laxius

116 2045 120 2050 “
145 2035 247 2108 reddi.
297 2037 372 2106 Hoc
403 2036 505 2106 fiebat
537 2037 742 2134 separatione
768 2038 858 2108 thori
884 2051 918 2109 et
946 2064 1096 2130 meusne,

142 2159 227 2232 illud
254 2157 412 2236 divortio.
776 2140 780 2146 ¹
991 2186 993 2192 ’

189 2284 289 2384 Apud
317 2286 464 2384 populos
493 2285 648 2386 antiquos
671 2285 856 2360 divortium
877 2299 1009 2360 tantum
1035 2288 1102 2362 snit

142 2396 333 2510 cognitum,
371 2425 404 2482 et
433 2414 504 2509 ejus
537 2438 616 2485 usus
642 2437 706 2509 pro
734 2412 829 2486 varia
853 2437 987 2485 momm
1016 2439 1104 2486 con-

142 2537 268 2611 ditione
304 2537 368 2608 fuit
406 2537 514 2609 rarior
548 2536 603 2611 vel
640 2535 867 2636 frequentior,
903 2550 1004 2637 atque
1035 2565 1107 2636 pro

143 2664 253 2764 gradu
271 2663 419 2737 culturae
438 2677 472 2735 et
502 2662 718 2734 humanitatis
741 2675 872 2735 tantum
897 2665 1107 2762 permissum

144 2806 217 2868 erat
241 2793 363 2867 morito
393 2791 436 2864 alr
457 2816 559 2863 uxore
583 2789 771 2879 discedere,
794 2789 849 2864 rel
863 2791 995 2887 utrique
1016 2817 1109 2865 con-

144 2920 218 3016 jugi
242 2919 334 2993 idem
353 2922 408 3015 jus
429 2916 615 2995 divertendi
627 2929 701 2990 erat
729 2931 939 2990 conoessum:
962 2941 1002 2987 ex
1027 2916 1111 2990 his-

144 3043 233 3115 toria
265 3042 355 3115 enim
382 3053 475 3140 patet
513 3065 584 3139 quo
610 3043 720 3138 major
749 3042 794 3114 sit
817 3041 946 3119 cultura
969 3052 1002 3113 et
1034 3041 1108 3117 hu*

144 3168 289 3242 manitas
314 3167 452 3263 alicujus
483 3165 622 3265 populi,
657 3165 699 3238 eo
724 3166 899 3242 meliorem
928 3193 997 3242 esse
1023 3168 1106 3243 foe-

143 3296 310 3369 minarum
351 3291 587 3366 conditionem
621 3335 670 3350 -·-
717 3293 774 3367 Sic
811 3293 902 3394 apud
935 3295 959 3368 J
960 3293 1104 3386 uduoes,

143 3419 298 3496 barbaris
336 3418 445 3494 adhuc
480 3433 515 3495 et
561 3419 700 3493 rudibus
749 3420 901 3494 moribus
948 3433 1103 3512 utentes,

146 3544 280 3644 legibus
301 3547 478 3674 Mosaicis,
509 3547 632 3620 merito
659 3544 798 3644 quidem
826 3545 1106 3644 permittebatur,

146 3695 285 3774 uxorem
295 3657 405 3772 §luein
426 3673 609 3763 dimittere,
634 3677 744 3774 (emen
767 3670 971 3770 Scluidbruf
986 3674 1105 3773 petrea)

80 3777 175 3927 psol
202 3779 248 3869 dr:
225 3786 398 3898 amphus
425 3827 491 3874 uon
519 3801 684 3900 plaoeret3
713 3828 779 3875 non
796 3818 877 3879 vero
900 3801 997 3875 uxori
1017 3826 1109 3881 cou-
