2564 4770
523 377 585 500 sar.

122 639 249 712 Haeece
275 649 388 738 autem
416 649 611 737 argumenta
635 635 731 708 facile
758 649 898 738 possunt
928 637 1036 728 solvi,
1078 698 1084 705 .

70 778 112 837 nt
142 767 241 838 nobis
265 740 409 840 videtur.
982 761 984 764 ’

122 892 185 966 Illa
213 892 304 964 enim
333 891 465 990 opinio,
489 903 643 963 mutuam
669 889 770 962 fidem
805 889 917 989 potius
946 889 1039 963 athi-

69 1045 126 1093 oes
166 1031 407 1120 praeceptum,
454 1043 557 1119 quam
602 1020 687 1116 juris
731 1016 905 1094 vinculum
947 1032 1038 1108 esse,

71 1146 282 1218 matrimonii
329 1158 469 1217 naturae
512 1168 711 1246 oppugnare
754 1143 897 1220 videtur.
961 1149 1039 1221 Non

70 1273 166 1344 enim
207 1299 226 1344 a
263 1271 453 1372 legislatore
494 1271 588 1347 civili
632 1271 766 1344 tandem
813 1266 853 1345 eir
895 1273 1062 1348 arbitrio·
1144 1294 1147 1301 ’

73 1398 165 1498 apud
192 1399 353 1472 cultiores·
386 1397 535 1499 populos
560 1399 745 1488 formatum
773 1411 807 1472 et
834 1414 1037 1502 conoeptum

63 1538 123 1599 est
147 1526 420 1616 matrimonium,
445 1525 503 1600 sed
532 1526 600 1622 jam
629 1525 783 1598 moribus
811 1540 844 1599 et
875 1527 1040 1628 religione
1081 1616 1085 1628 Ι
1140 1619 1144 1624 ἡ

72 1651 276 1741 fundatum,
301 1664 401 1749 atque
425 1653 647 1724 constitutum
671 1651 755 1743 suit,
782 1665 815 1724 et
842 1654 914 1750 ejus
939 1651 1050 1728 effen-⁴

74 1791 133 1850 tus
156 1777 274 1854 civiles
296 1789 428 1854 tantum
454 1776 528 1877 lege
554 1776 646 1853 cirili
673 1791 834 1876 reguntur
853 1778 924 1878 (l).
962 1781 1041 1852 Hu-

75 1906 128 2002 jus
156 1895 268 1976 nutem
293 1903 505 1976 matrimonii
531 1914 651 1974 natura
675 1903 805 2002 flagitat
829 1903 929 1976 fidem
959 1928 1044 2007 con·
1106 1933 1112 1946 ¹

75 2031 245 2131 jugalem,
269 2031 313 2102 ab
334 2044 474 2128 utraque
488 2043 582 2129 parte
606 2031 754 2120 servari,
778 2043 905 2103 ettam
930 2016 1046 2104 eorm-

19 2149 21 2154 *
76 2158 156 2230 tiale
179 2155 367 2234 invidetur
391 2157 610 2261 requisitum,
641 2170 702 2249 nt,
727 2157 857 2240 sublata
871 2157 942 2230 ‘illa
965 2159 1043 2232 fidei

79 2282 305 2384 obligatione,
328 2283 456 2356 nullam
471 2285 613 2384 cogitari
631 2297 744 2383 posset
767 2286 1043 2375 matrimonium:

76 2406 315 2511 propterea'in
340 2411 423 2510 ipsis
449 2410 684 2485 contrahendis
708 2411 835 2511 nuptiis
859 2412 923 2485 sibi
949 2412 1044 2489 invi-

78 2565 149 2611 oem
176 2540 280 2612 etiam
309 2539 435 2612 hancne
459 2552 613 2612 mutuam
643 2538 746 2612 fidem
772 2536 978 2638 'promittunt
1003 2565 1066 2613 ae

76 2667 190 2760 iurant
227 2669 411 2768 conjuges(
455 2667 534 2751 Non
568 2665 674 2766 igitur
710 2680 865 2758 tantum,
904 2663 1048 2741 aethioes‘

77 2802 297 2890 praeoeptum
309 2842 320 2877 ‚
357 2789 416 2861 sed
446 2803 480 2861 et
508 2793 591 2886 juris
628 2791 802 2867 vinculum
834 2793 892 2864 illa
929 2808 1045 2867 mutue

78 2917 162 2991 fides
191 2930 244 2991 eet
270 2916 340 3022 (2):
401 2919 464 2991 Est
502 2917 617 3016 itaque
641 2917 728 3034 juris
758 2919 883 3018 regulis
920 2944 1048 2997 conve-
1079 2911 1088 2932 ⁶

89 3114 445 3134 ———A——--

56 3239 66 3283 .·
111 3233 152 3304 (l)
174 3231 219 3284 lll.
243 3231 398 3299 Nicoma,
428 3234 522 3286 Oratio
540 3233 573 3285 de
594 3234 655 3288 Art.
677 3230 728 3285 111.
748 3231 783 3286 V.
802 3232 835 3286 C.
854 3234 887 3287 C.
906 3231 938 3288 B.
954 3292 956 3297 ,
974 3236 1053 3286 »flet

171 3320 324 3390 »huwelijk
345 3320 417 3375 heest
437 3323 549 3376 (lemelia
566 3340 712 3394 oorrprong
731 3325 771 3376 uit
788 3326 920 3377 den‘anrd
936 3342 987 3376 van
1002 3325 1053 3376 den

171 3411 305 3466 »mensch
318 3416 356 3465 'en
371 3404 483 3466 bekomt
503 3415 614 3468 denzelfa
634 3414 729 3468 kracht
749 3416 789 3466 uit
808 3416 841 3466 de
859 3410 1053 3468 vo'oroehristen

172 3505 246 3557 »der
268 3503 352 3556 wet.''
376 3505 528 3570 'seaatsc.,
555 3505 599 3558 20.
617 3504 706 3556 Maart
724 3506 799 3583 1822.
818 3503 870 3556 ΝΟ.
889 3505 933 3557 68.

228 3593 407 3661 Senum,
426 3598 597 3649 Etwaettbcr
613 3599 652 3648 die
669 3597 1051 3668 ereteMenechengceellsehnft.

175 3684 317 3745 Cnrlnrnhe
329 3686 406 3738 1822.
425 3686 456 3738 B.
474 3689 516 3738 15.
536 3686 565 3740 S.
577 3689 636 3740 169.
662 3707 677 3738 n
689 3687 741 3738 Die
759 3685 928 3759 Einiiihrung
940 3692 1054 3761 ordent-

176 3793 191 3823 n
204 3774 286 3829 lichen
300 3777 398 3841 Eheu,
419 3775 520 3829 scheint
540 3779 616 3843 aleo,
635 3776 712 3830 nicht
727 3776 828 3830 eowohl
847 3781 894 3831 nus
906 3779 1051 3845 Genetzen,

176 3867 242 3919 nalo
264 3869 309 3920 ruf
322 3869 385 3922 <lem
402 3866 584 3921 Herlrnmmen
602 3865 701 3921 beruht
719 3887 753 3920 zu
773 3867 890 3924 haben.''
959 3904 964 3918 .

116 3958 155 4025 (2)
177 3956 313 4022 Rarrrrz,
342 3961 361 4010 Ι.
381 3960 400 4011 Ι.
420 3977 445 4027 p.
470 3960 511 4009 18.
547 3958 674 4024 Locan',
701 3962 719 4012 1.
738 3962 800 4030 tp.
822 3962 878 4015 rot.
916 3963 1056 4014 »Lema-
