2564 4770
655 486 701 558 33

190 693 289 766 talam
317 694 453 791 longius
481 691 661 791 perdurare
675 670 932 785 conditionem,
967 723 985 768 a
1019 722 1170 769 summo.

190 821 328 892 crimine
357 845 428 891 non
454 819 649 923 abhorreat,
673 835 711 895 ut
736 822 896 894 liberetur
912 818 942 894 ¹a
965 848 1084 923 genera
1097 825 1154 895 in-

190 944 355 1016 tolerabili
397 946 492 1021 vitae.
530 946 640 1020 ,Cum
667 948 771 1046 igitur
809 949 937 1043 majora
971 950 1060 1021 mala
1088 950 1155 1021 sint

164 1118 166 1127 ‹
188 1070 388 1161 metuenda,
411 1071 439 1141 si
464 1096 535 1143 non
568 1071 711 1147 solvitur
740 1071 805 1143 tale
828 1066 1098 1162 matrimonium,
1121 1088 1154 1145 et

188 1222 267 1269 cum
294 1196 476 1271 divortium
505 1210 682 1297 propterea
712 1199 896 1279 institutum
927 1199 992 1288 sit,
1014 1210 1053 1269 ut
1072 1224 1153 1271 ma-

186 1323 261 1418 jora
275 1335 465 1398 avertentur
479 1323 584 1413 mala,
607 1312 710 1395 etiam
723 1313 967 1397 admittendum
979 1336 1030 1397 est
1043 1348 1154 1423 prop-

186 1461 237 1519 ter
265 1450 424 1522 saevitias
447 1461 486 1520 ut
518 1473 622 1548 scopo
651 1475 712 1521 suo
738 1431 925 1523 satisfaciat.
951 1490 1000 1505 —
1047 1451 1154 1520 Prae-

188 1586 272 1644 terea
299 1573 423 1645 durum
449 1585 484 1646 et
511 1575 672 1671 injustum
696 1574 806 1665 foret,
828 1577 1006 1676 conjugem
1033 1600 1153 1675 cogere

138 1714 149 1736 ’”
186 1714 223 1770 ut
250 1708 401 1802 maneret
413 1698 449 1767 in
477 1698 618 1768 infausto
641 1699 701 1770 illo
714 1700 872 1791 viuculo,
898 1700 1002 1796 quod·
1015 1700 1062 1772 ab
1087 1701 1155 1771 fine

186 1835 219 1894 ct
241 1823 421 1923 proposito
444 1821 653 1897 matrimonii
681 1847 820 1919 prorsus
844 1824 1034 1911 aberravit,
1056 1837 1090 1895 et
1116 1837 1153 1895 ut
1238 1854 1240 1862 s

185 1951 347 2046 patienter
378 1960 415 2020 et
451 1948 550 2021 tacite
578 1972 693 2019 omnes
728 1948 802 2019 illas
826 1948 913 2019 male
940 1948 1152 2021 tractationes

155 2131 160 2142 .
187 2074 383 2170 perduraret
411 2072 480 2171 (l).
501 2153 514 2175 Ι,

236 2195 303 2271 Sed
325 2198 373 2268 uti
395 2198 477 2296 ipsis
501 2198 701 2295 conjugibus
726 2190 773 2268 sic
797 2211 829 2268 et
842 2199 972 2273 civitati
989 2198 1152 2270 etliberis

186 2324 342 2424 prodesse
365 2325 514 2414 videtur,
549 2321 679 2414 haecce*⁸
694 2322 883 2398 divertendi
907 2348 1006 2394 causa
1033 2323 1062 2392 si
1089 2322 1153 2394 ad-

187 2452 369 2525 mittatur(
406 2451 614 2524 Tristissima
642 2450 732 2521 enim
760 2461 810 2521 est
847 2447 1037 2521 liberorum
1065 2447 1154 2520 con-'

185 2574 268 2648 ditio
288 2577 324 2648 in
349 2577 477 2648 familia
500 2589 571 2648 tam
583 2573 757 2665 discorde,
780 2570 880 2647 tes'tes
901 2574 1047 2653 infelices
1070 2587 1150 2646 sunt

211 2920 252 2988 (1)
275 2918 404 2977 Douunn
424 2931 577 2984 curarrns,
601 2920 621 2969 l.
639 2920 659 2971 l.
675 2933 702 2988 p.
719 2920 779 2971 204.
805 2919 888 2988 legem
910 2919 1060 2989 Belgicam,
1090 2939 1155 2990 quse

269 3025 323 3060 non
348 3003 426 3060 inter
441 3000 539 3062 causas'
555 3008 667 3062 divortii
685 3015 802 3061 recenset
826 3009 965 3074 saevitias,
983 3011 1155 3078 improbans,
1195 3075 1201 3090 ι
1264 3008 1281 3085 ¹⁰

272 3099 309 3149 sic
324 3098 460 3167 loquitur:
489 3098 587 3150 allae!
614 3100 665 3150 alle
683 3098 891 3168 mishaudeliug,
910 3116 962 3155 van
975 3083 1075 3153 vialten
1091 3101 1155 3153 aard

271 3206 287 3237 a
298 3183 369 3253 ook,
388 3191 430 3240 zal
444 3189 496 3242 dau
509 3190 542 3242 de
557 3208 620 3242 eene
635 3189 793 3264 echtgenoot
807 3209 859 3245 van
877 3191 927 3243 deu
945 3192 1060 3244 anderen
1077 3211 1155 3244 moe-

230 3319 231 3322 ,
273 3266 346 3328 »ten
365 3277 484 3344 dulden,
512 3281 573 3332 mits
595 3279 642 3332 het
660 3299 732 3333 maur
746 3299 824 3351 geone
841 3284 934 3352 poging
953 3290 995 3345 tot
1010 3281 1107 3334 moord
1127 3281 1160 3330 of

268 3366 442 3435 »doodslag,
470 3368 501 3419 ol
515 3368 705 3438 verraderlr'jke
722 3371 891 3439 vernonding
910 3373 956 3438 zij.
997 3360 1043 3420 De¹
1057 3368 1156 3436 grosste

228 3458 231 3461 ’
272 3456 493 3525 abeledigiugen‚
513 3458 547 3509 de
566 3461 758 3512 ontzettendste
782 3461 986 3527 uitspattingen,
1015 3456 1048 3508 de
1074 3474 1157 3527 onge-

272 3548 443 3600 abondenste
471 3547 649 3616 lereuswijze,
682 3550 716 3600 de
735 3547 933 3616 beestachtigste
951 3563 1092 3613 excessen,
1122 3549 1155 3601 de

272 3635 476 3705 »gruwelijkste
488 3654 521 3688 en
547 3635 742 3691 aauhoudenste
761 3635 995 3707 vervloekiugen„
1013 3638 1100 3706 slsgen
1121 3656 1155 3691 en

272 3725 628 3796 aruislaandelingenaelre,
655 3728 745 3779 zallen
764 3745 826 3798 gean
842 3727 927 3796 grond
944 3725 1155 3782 toteclrtsclrei-

273 3815 359 3885 sding
376 3820 534 3886 oplereren,
554 3818 644 3871 indieu
659 3837 688 3871 ze
701 3820 756 3871 niet
769 3818 882 3887 juistals
897 3817 994 3888 poging
1009 3826 1050 3871 tot
1058 3816 1155 3872 moord

271 3924 289 3955 n
299 3904 406 3958 konnen
422 3906 579 3962 beschonwd
596 3910 720 3974 worden,
740 3909 772 3961 οἰ
776 3915 817 3960 tot
835 3908 968 3981 dadelijke
985 3908 1153 3974 vernouding

268 4002 342 4049 ntoe
358 3996 441 4065 plaats
459 3998 578 4055 lselrlsenl
591 4002 597 4052 !
610 3999 630 4025 ''

1008 4098 1031 4166 3
