2564 4770
548 429 596 521 13ί

86 639 271 713 catiouibus
284 643 287 648 ’
300 639 416 729 factis,
444 638 569 712 intimis
583 629 798 712 ¹matrimonii
823 639 952 712 arcanis
972 637 1039 712 luci

86 764 265 862 expositis,
291 765 338 835 ita
365 777 403 836 ut
428 765 529 835 animi
556 765 626 861 jam
648 764 746 854 irati,
781 765 887 864 magis
911 765 1041 863 magis,
1148 826 1151 830 ,
1184 821 1189 834 .

52 924 56 933 ’
87 916 152 988 que
180 891 383 963 irrascantur
411 904 444 962 et
479 889 715 981 effervescunt,
754 889 923 986 quomodo
960 904 1040 964 tunc

85 1015 198 1089 adhuc
211 1008 360 1114 pristini
386 1017 510 1086 amoris
549 1016 688 1113 vestigia
716 1023 908 1105 manerent,
950 1040 1041 1116 quo-

85 1142 206 1215 modo
221 1155 297 1239 post
326 1142 444 1215 haecce
470 1141 589 1212 omnia
611 1142 680 1215 vita
708 1140 917 1229 communis,
954 1141 1042 1212 tole-

56 1246 60 1253 *
85 1267 201 1339 rabilis
223 1294 339 1340 rursus
367 1267 621 1367 fieri-posset?
645 1265 735 1338 Illud
762 1242 962 1365 itaque‘pro
988 1291 1042 1338 se-

82 1395 253 1490 paratione
283 1395 526 1492 'argumentum
562 1417 641 1473 non¹
668 1391 765 1463 multi
797 1405 848 1463 est
876 1391 1038 1464 momenti
1087 1400 1089 1404 ’
1135 1444 1136 1450 1

80 1520 137 1594 ‘vel
160 1520 327 1618 ponderis.
377 1520 520 1593 Ratione
544 1519 646 1618 igitur
669 1520 852 1618 conjugum
866 1529 1041 1621 praestare

83 1643 228 1718 videtur
244 1638 429 1729 divortium
452 1645 649 1741 separationi
671 1643 768 1720 wthori
794 1657 828 1715 et
854 1669 995 1719 mensae.
1030 1626 1035 1630 ¹

158 1772 206 1844 2⁰.
256 1769 400 1840 Ratione
436 1767 618 1842 laberorum.
673 1765 847 1846 Nescimus
871 1797 925 1848 re
960 1796 1040 1846 vera
1148 1766 1159 1776 ”

85 1923 150 1995 qua
181 1922 217 1968 re
250 1896 370 1967 melius
398 1894 547 1993 prospici
575 1893 689 1966 liberis
719 1894 872 1967 nonnulli
905 1894 1042 1967 credunt
1102 1927 1105 1935 =

24 2061 25 2064 ¹
76 2022 294 2119 vseparatione
323 2047 426 2122 quam
442 2021 607 2113 divortio.
658 2021 756 2093 Certe
791 2032 825 2092 et
857 2018 1040 2096 divortium
1134 2061 1135 2064 ¹
1234 2082 1242 2102 .

83 2163 118 2220 et
142 2147 314 2252 separatio
336 2155 412 2218 sunt
439 2172 533 2219 casus
559 2144 670 2218 tristes
700 2158 735 2220 et
761 2146 907 2250 infelices
932 2148 966 2219 in
997 2147 1043 2218 li-

74 2274 241 2345 -bc'rorum
281 2272 386 2364 vitas
407 2299 447 2346 ex
478 2272 599 2372 quibus
636 2296 767 2369 semper
804 2270 1041 2343 detrimentum

81 2400 237 2498 capiunt,
261 2398 318 2471 sed
347 2399 475 2497 majora
502 2412 536 2471 et
561 2399 625 2471 hac
640 2399 686 2490 in
714 2423 750 2470 re
775 2397 953 2471 commoda
978 2397 1041 2469 ba-

80 2522 161 2598 bere
169 2526 268 2598 nobis
281 2524 413 2600 ridetur
425 2524 610 2602 divortium
625 2551 729 2624 quam
742 2525 916 2623 separatio.
951 2524 1040 2596 Cum
1131 2586 1136 2597 .

79 2654 188 2743 enim,
213 2652 267 2724 ut
283 2654 353 2750 jam
384 2653 595 2741 monuimus,
619 2653 778 2749 conjuges
808 2647 974 2749 separati,
996 2648 1040 2721 ed
1116 2670 1120 2676 ’

68 2788 281 2875 ‘perpetuam
306 2775 761 2875 condemnati'uiduitatem‚
785 2801 853 2847 uon
881 2774 981 2846 semel
1004 2775 1041 2844 iu

67 2898 257 2972 libidinem
285 2897 434 2971 incidant
465 2911 498 2971 et
529 2900 679 2998 moribus
707 2873 858 2999 pessimis
887 2910 1041 2988 utantur,

80 3028 209 3125 saepius
237 3051 337 3098 omne
362 2999 605 3130 patrimonium
635 3024 821 3123 dilapidant
845 3023 1038 3124 dissipatio-
1053 3047 1066 3058 “·

65 3152 178 3225 nibus
208 3152 282 3226 suis.
332 3150 412 3224 sad
441 3162 478 3222 et
510 3150 702 3250 exemplum
739 3165 938 3250 pareutum,
971 3154 1037 3225 tale

62 3282 169 3355 --ritae
195 3303 299 3375 genus
326 3276 535 3376 degentium,
573 3290 623 3349 est
647 3279 966 3374 perniciosissimum
992 3275 1038 3346 li—

32 3476 34 3483 .
79 3405 238 3478 berorum
255 3405 423 3493 moribus,
445 3430 594 3503 quorum
614 3405 734 3494 eliam,
758 3403 934 3490 hominm,
958 3425 1037 3472 om-
1079 3412 1084 3423 '

56 3530 175 3602 auibus
195 3530 375 3613 libidinum
400 3531 576 3631 generibus
590 3529 711 3620 dediti,
735 3553 852 3601 curare
874 3552 942 3599 non
975 3551 1035 3599 so-

79 3654 151 3742 lent
168 3655 395 3731 educationem
421 3638 567 3764 eligitur
589 3656 690 3730 liberi
710 3655 855 3729 infelices
874 3654 1033 3734 victimae

76 3793 254 3880 pareutum
288 3783 469 3856 libidinum
504 3785 659 3862 evadunt.
720 3784 865 3877 Contra,
912 3785 1033 3857 matri-

77 3898 195 3981 monio
225 3907 369 3986 divortio
396 3911 528 4007 soluto,
552 3914 728 4011 conjuges,
753 3913 851 3989 novis
875 3907 1030 4008 legitimis
