2564 4770
626 388 672 458 60

170 599 329 673 recenseri
357 597 464 671 solent
490 581 655 688 efficiunt,
679 597 856 698 conjuges,
881 597 1024 670 infausto
1048 601 1129 675 vin-

170 729 246 802 culo
276 729 425 824 junctos,
451 722 533 794 illud
556 722 727 799 vinculum
757 735 895 820 ruptum
925 723 1027 820 velle3
1053 751 1129 797 sae-

153 855 347 952 ·piusvero
372 851 514 926 leviores
545 848 600 922 sed
629 862 805 948 perpetuae
845 831 1145 953 sempiternaeque
1181 951 1185 957 Ι

168 981 278 1069 rixae,
302 977 523 1051 dissensiones
544 990 643 1074 atque
664 974 846 1048 discordiae
859 1002 900 1048 ex
920 976 1023 1053 variis
1051 1002 1131 1050 mo-
1158 1038 1160 1042 s

168 1106 284 1205 ribus,
321 1131 360 1178 ex
390 1104 520 1180 diversa
547 1105 728 1203 conjugum
765 1102 875 1174 indole
912 1117 1028 1195 ortae,
1064 1105 1130 1176 illis

167 1233 273 1309 vitam
300 1255 513 1302 communem
549 1228 792 1302 intolerandam
820 1228 993 1309 reddunt„
1029 1231 1132 1304 Hisce

111 1365 113 1371 ’
166 1358 298 1430 casibus
334 1382 402 1454 non
436 1357 546 1428 minus
574 1355 653 1426 utile
679 1367 713 1426 et
746 1357 966 1429 necessarium
992 1371 1041 1428 est
1073 1356 1130 1429 di-

108 1519 111 1524 ·
167 1484 315 1559 vortium
327 1535 338 1573 ,
375 1508 478 1582 quam
504 1480 635 1581 quando
664 1509 730 1580 pax
755 1497 792 1554 et
818 1483 911 1582 quies
943 1483 1128 1560 domestica

167 1621 307 1709 propter
335 1607 420 1680 facta
454 1608 612 1708 graviora
636 1634 687 1686 ,ex
710 1611 886 1682 communi
914 1609 1017 1682 domo
1051 1624 1130 1683 sunt

165 1735 330 1826 sublatae,
368 1734 432 1808 sed*
462 1748 571 1807 tamen
606 1735 662 1807 illa
693 1735 819 1812 leviora
851 1737 937 1810 facta
971 1763 1079 1838 neque
1107 1767 1127 1810 a
1176 1836 1179 1841 ἣ

164 1861 238 1963 lege
265 1861 397 1934 definiri
425 1887 530 1960 neque
555 1863 642 1934 inter
669 1888 782 1935 causas
810 1860 1044 1935 determinatas
1073 1891 1130 1936 re-

161 1991 289 2067 censeri
315 2002 471 2086 possunt,
495 1987 595 2060 hac
583 2016 620 2059 ιιι
649 2016 685 2061 re
704 1990 808 2089 igitur
834 1990 961 2088 optime
986 1989 1131 2062 infelici·

163 2116 229 2187 bus
256 2115 456 2213 conjugibus
485 2115 705 2213 prospicitur,
740 2117 767 2188 si
795 2115 984 2189 admittitur
1010 2117 1130 2244 divor-

165 2243 251 2316 tium
265 2253 409 2339 propter
429 2250 562 2314 causam
570 2240 889 2317 'indeterminatam

214 2370 281 2470 Sed
304 2367 389 2439 hoc
394 2381 536 2468 nonest
564 2365 674 2440 solunr
700 2369 801 2468 hujus
828 2368 1012 2444 divertendi
1035 2370 1128 2442 modi

165 2492 404 2581 commodum,
439 2493 582 2569 alterum
610 2497 711 2568 etiam
743 2497 858 2594 magni
883 2491 1129 2568 momentinf-
1163 2567 1168 2584 ι

163 2618 240 2692 fert.
288 2622 393 2694 Facto
426 2605 518 2691 enirn
542 2647 611 2714 non
645 2621 745 2694 semei
776 2620 909 2694 difficile
933 2637 984 2694 est
995 2622 1129 2699 divor-

164 2745 268 2854 tium,
307 2733 463 2843 quamvis
498 2773 597 2820 causa
626 2749 736 2854 existit
773 2775 887 2846 quare
909 2750 981 2846 jure
1012 2754 1129 2860 rogari

124 2956 127 2969 Ι
163 2886 285 2971 potest.
334 2876 467 2946 Durum
491 2877 582 2946 enim
607 2888 657 2946 est
684 2877 819 2974 conjugi
850 2876 1036 2966 innocenti,
1075 2877 1130 2950 id-

157 3025 231 3098 ‘que
262 3012 380 3071 contra
417 2999 657 3072 humamtatem
691 3014 839 3098 pugnat,
876 3001 988 3097 palam
1022 2983 1150 3076 facere¹

165 3124 390 3224 turpitudines
414 3139 447 3197 et
481 3125 626 3233 crimina!
649 3124 783 3226 alterius
816 3129 989 3227 conjugis,
1034 3133 1128 3204 triste

165 3251 363 3325 domesticas
388 3251 608 3323 dissensiones
633 3251 700 3324 luci
713 3279 887 3350 exponere.
927 3255 1014 3328 Sunt
1026 3281 1128 3352 prae·
1182 3279 1189 3296 ·

165 3392 253 3452 terea
281 3381 368 3451 inter
382 3404 497 3451 causas
510 3378 765 3468 determinatas,
788 3406 873 3478 quae
885 3394 967 3453 -tam
986 3406 1128 3479 graves,

164 3516 234 3577 tam
259 3508 369 3579 tristes
391 3506 516 3579 habent
534 3507 785 3606 consequentias
807 3534 873 3608 pro
894 3509 1035 3605 conjuge
1062 3534 1129 3581 no-

164 3642 284 3720 cente,
299 3659 373 3708 ιε.
404 3634 431 3704 si
457 3631 593 3704 insidias
618 3633 753 3706 alterius
766 3634 918 3731 conjugis
932 3633 1022 3708 vitae
1034 3612 1128 3706 stru·
1186 3649 1187 3653 ’

165 3739 272 3846 serit,
296 3771 333 3830 ut
347 3759 527 3834 inhumana
540 3773 640 3860 atque
654 3785 750 3836 saeva
759 3758 931 3868 'videretur
945 3755 1018 3849 lex,
1042 3787 1126 3860 quae

137 3897 299 3990 cogeret
318 3888 494 3984 conjugem
529 3888 582 3965 vei
610 3889 644 3959 in
672 3877 759 3960 tristi
787 3888 944 3986 conjugio
975 3912 1128 3975 manere,
