2564 4770
612 429 658 504 ar
736 391 749 430 ⁵

159 669 253 716 meur
277 654 312 714 et
343 641 384 714 de
419 642 583 712 caractere
618 667 681 741 par
712 641 783 712 l'un
811 640 868 713 des
902 642 1115 742 epoux)(l)‚

160 767 459 840 Videbatur'enim
482 767 523 838 iis
546 767 819 858 matrimonium,
844 781 1033 844 contractus
1057 797 1115 842 so-

162 895 308 984 cietatis,
324 919 389 994 pro
403 893 574 966 indefinito
589 896 750 995 temporis
760 896 867 993 spatio
880 896 993 988 initae,
1014 903 1119 997 (con-
1135 870 1138 875 .
1190 976 1192 980 μ

158 1035 226 1094 trat
250 1020 293 1095 de
318 1022 439 1094 societe'
465 1013 632 1117 illimitee)
657 1022 763 1120 qualis
777 1035 965 1096 contractus
992 1034 1143 1114 renun-'
1220 1020 1224 1025 ’

158 1148 301 1220 eiatione
321 1149 417 1219 unius
441 1149 610 1221 sociorum
628 1149 802 1240 solvitur,
822 1149 926 1248 igitur
949 1149 1033 1221 nihil
1046 1164 1117 1223 tam

159 1275 324 1366 naturale,
359 1301 462 1374 quam
492 1277 590 1347 unius
607 1276 766 1374 conjugis
792 1275 995 1353 voluntatem
1024 1277 1120 1379 suffi-

158 1426 229 1475 cere
251 1401 295 1474 ad
317 1404 451 1503 nuptias
481 1371 707 1505 dissolvendas
736 1402 805 1502 (2).

593 1589 681 1760 sn]

183 1911 240 1985 De
263 1911 470 1984 incommodis
494 1910 625 1984 divortii
647 1922 781 2012 propter
803 1939 933 1988 causam
955 1916 1095 1991 indeter-

239 2038 414 2129 minatum,
434 2037 483 2149 uti
494 2038 528 2110 in
542 2037 651 2110 Gallae
663 2037 822 2142 Lege20⁸¹
834 2040 921 2145 Sept.
935 2043 1036 2118 1792.

498 2174 567 2237 erut
572 2165 774 2267 permissum.

205 2409 425 2483 Incommoda
450 2435 625 2481 causarum
648 2407 806 2509 hao'lege
834 2409 1120 2504 introductarum,

156 2539 321 2611 neminem
338 2538 406 2609 fere
426 2537 582 2636 fugiunt,
606 2537 780 2635 praecipue
803 2560 884 2611 vero
906 2539 1118 2636 posterioris,

157 2691 243 2763 quae
276 2663 462 2733 falsissimis
499 2663 666 2733 nitebatur
704 2661 938 2740 fundamentis.
980 2668 1120 2758 Quam-

158 2815 264 2890 quam
291 2789 382 2860 enim
412 2787 502 2888 quod
517 2788 559 2859 ad
582 2788 730 2858 sormam
754 2789 888 2878 attinet,
913 2817 991 2863 cum
1005 2794 1120 2864 ceteris

126 2962 129 2967 ·
156 2914 384 2988 contractibus
407 2913 565 2990 civilibus
588 2913 746 2988 convenit
770 2927 958 2987 contractus
983 2918 1122 3016 nuptia*

154 3042 215 3134 ¹lis,
238 3056 347 3114 tamen
377 3042 419 3113 ab
445 3041 486 3112 iis
510 3066 614 3140 quarn
641 3041 788 3113 maxime
811 3032 921 3113 differt
944 3056 976 3114 et
998 3044 1033 3114 in
1058 3069 1121 3117 na·-

157 3180 233 3240 toru
256 3181 298 3239 et.
317 3170 352 3239 iu
381 3171 512 3267 objecto
536 3181 569 3241 et
591 3169 627 3239 in
654 3154 835 3241 effectibus.
958 3161 960 3167 ’

201 3294 330 3367 Natura
357 3296 447 3367 euim
465 3295 659 3393 nuptiarum
686 3306 736 3366 est
764 3309 799 3367 ut
830 3295 895 3366 siut
922 3291 1119 3395 perpetuae,
1144 3335 1172 3375 4

157 3446 277 3520 neque,
298 3446 362 3520 pro
396 3434 486 3493 certo
518 3435 552 3493 et
584 3421 721 3493 definito
751 3433 902 3519 tempore
929 3421 1008 3491 iniri
1037 3445 1120 3518 pos-

159 3561 254 3637 sunt,
276 3549 311 3618 in
338 3572 380 3619 eo
407 3548 512 3646 igitur
541 3547 701 3622 differunt
724 3576 742 3621 a
764 3547 939 3637 societate,
962 3574 1047 3648 quae
1066 3549 1119 3625 vel

187 3865 229 3934 (1)
250 3864 371 3930 nocue,
396 3867 415 3918 1.
432 3868 451 3917 ι.
469 3884 495 3934 p.
517 3867 576 3918 124.
665 3833 671 3837 ’

185 3956 228 4049 (2),
246 3955 369 4022 Locnri,
389 3958 408 4008 l.
429 3959 447 4008 l.
462 3976 488 4024 p.
506 3958 564 4008 lat.
