2564 4770
703 411 747 483 lt

252 631 343 701 initis
369 624 576 714 foederibus,
604 647 664 722 per
687 621 951 721 irleprehensam
970 625 1099 717 uitam,
1119 653 1204 727 per.

250 780 316 856 que
351 750 569 826 domesticam
603 775 722 848 paoem
761 762 794 861 et
837 749 1049 824 concordiam
1093 752 1204 830 delere

248 892 408 980 possunt,
431 876 651 976 pristinorum
672 901 827 950 errorum
847 889 881 948 et
903 878 1053 954 rixarum
1068 905 1203 954 memo·

247 1010 354 1096 riam,
375 1019 410 1078 et
433 1004 590 1079 omnibus
608 1002 759 1103 gaudiis,
783 1031 869 1106 quae
895 1003 973 1078 felix
994 1019 1029 1079 et
1053 1009 1204 1107 quietum

247 1131 614 1234 praebetconjugium,
636 1131 726 1222 frui,
751 1131 966 1231 omniumque
983 1127 1204 1208 honestorum

249 1274 283 1333 et
303 1258 488 1358 proborum
509 1256 748 1330 aestimationis
766 1255 861 1356 digni
884 1255 956 1330 fieri
974 1273 1135 1358 possunt,
1155 1260 1202 1333 ita

247 1398 287 1458 nt
316 1382 425 1455 adhuc
447 1393 586 1454 utantur
608 1381 766 1454 omnibus
788 1381 877 1457 vitae
895 1381 1021 1455 faustae
1041 1398 1075 1456 et
1100 1410 1205 1482 pros-

248 1535 346 1609 perae
369 1506 511 1608 gandiis.
560 1506 639 1580 Tali
664 1493 747 1581 vero
776 1507 813 1577 in
835 1504 1047 1598 conditione,
1071 1511 1099 1580 si
1123 1535 1209 1584 ver-

249 1646 364 1708 santur
387 1611 560 1736 parentes,
583 1635 693 1730 major
719 1643 807 1705 certe
832 1657 950 1704 eorum
976 1657 1057 1731 erga
1078 1633 1209 1730 liberos

251 1784 348 1836 amor
369 1760 457 1849 erit,
481 1757 602 1841 melius
631 1758 764 1847 omnia,
804 1782 889 1858 quae
913 1757 956 1829 iis
988 1770 1064 1829 suut
1092 1760 1211 1852 utilia,

168 1902 172 1908 ’
247 1889 437 1978 curabunt,
461 1898 560 1987 atque
588 1887 820 1983 majoranum
846 1883 1067 1977 sollicitudine
1088 1909 1211 1960 eorum

43 2055 51 2073 ·
169 2044 172 2049 ⁴
249 2013 441 2085 educationi
464 2011 689 2108 prospicient,
713 2036 815 2107 quam
840 2009 1069 2109 siperigrinis
1090 2005 1211 2082 etillj'.

120 2219 123 2223 ,
247 2137 325 2214 citis
344 2133 519 2209 amoribus
543 2146 620 2206 suut
641 2131 755 2207 dediti.
803 2137 905 2207 Recte
927 2136 1031 2233 igitur
1043 2135 1210 2241 ‘animad-

142 2305 151 2318 2
249 2263 354 2351 uertit
375 2261 431 2337 vir
452 2258 565 2359 Ampl.
582 2278 840 2342 rnnrnuaan:
865 2261 947 2340 »Ie
971 2262 1133 2337 veritable
1152 2259 1211 2334 in-

163 2408 167 2428 '
253 2389 373 2462 »teret
395 2386 452 2458 des
466 2385 594 2457 enfants
614 2396 665 2458 est
686 2383 819 2460 devoir
841 2383 889 2459 les
910 2399 1043 2458 auteurs
1055 2386 1098 2460 de
1118 2387 1210 2462 leurs

253 2514 400 2608 ajours,
424 2509 590 2599 heureux,
613 2501 730 2608 dignes
748 2508 917 2601 d'estime‚
940 2523 975 2583 et
997 2509 1039 2583 de
1061 2527 1213 2612 respect,

254 2649 319 2711 net
342 2662 410 2709 non
434 2661 495 2733 pas
508 2634 550 2710 de
563 2636 611 2708 les
633 2648 772 2712 trouver
784 2635 905 2726 isoles,
929 2635 1059 2727 tristes,
1082 2662 1216 2735 eprou-

209 2752 213 2758 ’
255 2776 367 2842 >erant
391 2790 438 2835 un
473 2761 549 2840 vide
583 2762 857 2861 insupportahle,
897 2787 943 2835 ou
971 2761 1144 2835 comblant
1174 2792 1216 2838 oe

256 2889 376 2970 avide*
396 2915 460 2988 par
492 2889 551 2962 des
581 2889 783 2988 jouissances
818 2888 878 2988 qui
906 2912 949 2982 ne
982 2900 1059 2959 sont
1091 2889 1215 2984 jamais

256 3041 365 3090 »sans
391 3029 595 3103 amortume,
636 3017 714 3112 puis
751 3013 889 3112 qu'elles
916 3037 958 3084 ne
986 3026 1062 3084 sont
1092 3014 1216 3111 jantais

255 3165 364 3214 asans
388 3141 548 3232 ,remords
573 3138 671 3237 (l).”
718 3139 765 3211 Et
790 3139 838 3210 sic
870 3138 948 3210 satis
973 3151 1086 3238 patere
1113 3141 1216 3216 nobis

257 3268 391 3344 videtu
418 3279 453 3338 et
483 3266 624 3337 ratione.
638 3252 825 3337 liberorum
854 3267 985 3363 majora
1010 3265 1132 3341 habere
1158 3266 1219 3340 iu-

197 3386 201 3395 ’
259 3393 438 3470 commoda
465 3393 629 3492 separatio
651 3417 755 3492 quarn
780 3389 974 3468 divortium.

332 3524 382 3597 3⁰.
433 3519 575 3594 Ratione
597 3518 742 3595 nudatae.
781 3519 997 3619 Reipublicae
1016 3541 1224 3619 magnopere

243 3646 422 3738 ,interest,
464 3650 537 3744 ejus
564 3646 654 3723 cives
679 3645 777 3720 bouis
805 3646 960 3720 moribus
993 3645 1067 3735 uti,
1110 3639 1227 3719 omnis

260 3844 609 3864 m

193 3949 195 3953 ·
290 3942 331 4011 (1)
349 3939 474 4008 hocne,
494 3943 513 3993 l.
534 3944 600 4011 tp.
618 3945 660 3995 59.
