2564 4770
556 486 602 558 33

91 693 190 767 talem
218 695 355 792 longius
383 692 563 791 perdurare
576 670 833 785 'conditionem
867 722 887 766 a
920 721 1072 769 summo.

91 821 230 892 crimine
259 844 329 891 non
356 819 551 924 abhorreat,
575 835 613 894 ut
637 821 798 894 liberetur
825 816 843 893 a
867 846 986 922 genere
999 824 1056 894 in-

91 945 257 1018 tolerabili
298 946 394 1020 vitae.
432 946 542 1020 ,Cum
569 947 673 1046 igitur
711 948 838 1042 majora
873 949 962 1021 mala
990 949 1057 1020 sint

15 1072 29 1132 ἶ
65 1120 67 1127 ,
89 1070 289 1162 metuenda,
312 1070 340 1142 si
366 1096 437 1144 non
470 1070 613 1148 solvitur
642 1072 707 1143 tale
730 1072 1000 1162 matrimonium,
1023 1087 1056 1144 et

88 1223 169 1270 cnm
196 1196 378 1273 divortium
406 1210 584 1297 propterea
614 1199 800 1278 institutum
829 1198 895 1288 sit,
918 1212 955 1269 ut
975 1223 1056 1270 ma-

87 1325 163 1420 jora
176 1335 367 1399 avertentur
381 1323 487 1412 mala,
510 1312 611 1395 etiam
625 1312 873 1396 admittendum
881 1335 933 1395 est
945 1347 1057 1422 prop-

86 1462 139 1520 ter
167 1450 326 1524 strennas
350 1462 387 1520 ut
420 1474 525 1548 scopo
554 1475 614 1522 suo
640 1431 827 1522 satisfaciat.
853 1489 902 1504 —
949 1450 1056 1520 Prae-

88 1587 174 1645 terea
201 1572 325 1646 durum
351 1586 386 1645 et
412 1575 574 1672 injustum
597 1575 706 1665 foret,
730 1577 907 1675 conjugem
935 1599 1055 1674 cogere

27 1718 41 1741 ·“
86 1714 126 1771 nt
152 1709 303 1804 maneret
316 1699 352 1768 in
380 1699 521 1768 infausto
544 1699 604 1770 illo
617 1700 774 1791 vinculo,
800 1699 904 1796 quod·
918 1699 965 1771 alr
990 1700 1057 1770 fine

87 1836 122 1896 et
144 1824 323 1924 proposito
348 1822 557 1898 matrimonii
584 1847 723 1919 prorsus
747 1824 936 1911 aberravit,
958 1837 993 1894 et
1019 1836 1056 1894 ut
1141 1854 1142 1860 ¹

86 1951 249 2048 patienter
280 1960 317 2021 et
354 1949 454 2021 tacite
482 1973 597 2020 omnes
632 1948 705 2019 illas
730 1948 816 2020 male
843 1948 1055 2020 tractationes

49 2136 55 2147 .
88 2075 287 2172 perduraret
314 2073 417 2176 (1).Ιλ

139 2199 206 2272 Sed
228 2199 276 2269 nti
298 2199 380 2297 ipsis
404 2198 604 2297 conjugibus
628 2190 675 2268 sic
699 2211 732 2269 et
745 2198 875 2271 civitati
892 2209 928 2269 et
940 2198 1055 2270 liberis

88 2325 244 2426 prodesse
268 2325 417 2414 videtur,
451 2322 582 2415 haecoe',
597 2322 786 2399 divertendi
811 2347 910 2395 causa
936 2324 965 2393 si
993 2320 1057 2394 nd-

89 2455 253 2525 mitraton·
309 2451 517 2524 Tristissima
545 2451 635 2522 enim
663 2460 713 2521 est
750 2447 940 2520 liberorum
969 2446 1058 2519 con-⁴

87 2575 226 2649 ditio'in
252 2577 379 2649 familia
403 2589 474 2648 tarn
485 2574 660 2682 discorde,
683 2570 782 2647 tes'tes
804 2574 950 2653 inselioes
973 2586 1053 2645 sunt

114 2922 155 2990 (1)
177 2918 308 2977 Dosrnn
328 2932 482 2985 cunrros,
506 2921 526 2971 l.
544 2921 563 2971 1.
579 2934 607 2989 p.
624 2920 684 2972 tot.
710 2920 793 2989 legem
815 2919 964 2989 Belgicam,
994 2938 1060 2990 quae

172 3026 226 3062 non
251 3008 322 3060 inter
345 3001 443 3062 causas
459 3009 571 3062 divortii
589 3016 707 3062 recenset
730 3009 869 3074 saevitias,
888 2999 1073 3079 improbam,
1098 3074 1104 3089 ,

175 3099 212 3150 aie
227 3099 363 3167 loquitur:
393 3098 491 3151 allon!
517 3099 569 3151 alle
586 3098 796 3168 mislrandeling,
815 3116 866 3155 van
879 3083 979 3153 viellen
994 3100 1058 3152 arrd

175 3207 191 3238 n
201 3184 273 3254 ool,
291 3191 333 3240 nal
346 3190 399 3242 dan
412 3190 446 3242 de
460 3207 522 3242 eene
538 3188 697 3264 eehtgenoot
711 3209 762 3245 van
781 3191 831 3242 den
848 3191 964 3243 anderen
980 3208 1058 3243 moe-

132 3319 134 3324 ,
176 3266 250 3329 »ten
268 3278 388 3344 dulden,
415 3281 476 3332 mits
498 3279 545 3332 het
563 3299 636 3333 maan
649 3299 727 3350 geene
744 3282 838 3351 poging
857 3289 898 3333 tot
913 3281 1010 3333 moord
1031 3280 1063 3329 of

171 3366 345 3436 »doodalag,
373 3368 404 3419 of
419 3368 609 3438 verrnderlijke
625 3370 795 3438 vervonding
813 3372 859 3437 zij.
901 3362 946 3419 De'
961 3367 1060 3435 groseto

131 3458 134 3462 ⁴
174 3457 397 3526 »boledigingem
416 3459 450 3509 de
470 3461 661 3512 ontzettendete
685 3460 890 3527 nitapattingen,
919 3456 952 3508 de
978 3474 1061 3526 onge-

175 3549 347 3602 rbondenste
374 3548 553 3616 levenswijze,
586 3550 619 3601 de
638 3547 837 3616 beestaelrtigste
856 3563 996 3613 excesaen,
1025 3549 1059 3601 de

176 3636 380 3706 »genvelijkrtn
391 3654 426 3689 en
450 3637 645 3692 aanhondenete
664 3635 899 3707 vervloekingen,
917 3638 1003 3706 alagen
1024 3656 1058 3691 en

176 3726 533 3796 »mishandelingen'zelm
559 3728 648 3781 zallen
668 3746 729 3798 geen
746 3727 830 3796 grond
848 3734 889 3779 tot
906 3725 1059 3782 eohtsclrei-

177 3835 193 3866 a
202 3817 263 3886 ding
279 3819 438 3887 oplereren,
458 3817 549 3870 indien
563 3838 592 3871 ze
605 3820 660 3872 niet
673 3820 738 3888 jnist
748 3818 786 3870 ale
801 3818 897 3888 poging
913 3826 953 3871 tot
962 3815 1058 3872 moord

175 3905 309 3959 »kunnan
325 3907 483 3962 beschonwd
500 3910 624 3975 worden,
644 3909 676 3961 of
681 3916 721 3961 tot
739 3908 877 3981 dadelijlse'
889 3907 1056 3972 vervonding

171 4003 246 4050 »toe
262 3997 345 4066 plaste
362 3984 482 4055 hebben!
495 4001 502 4051 l
514 3999 534 4025 ''

911 4098 934 4166 3
