2564 4770
702 382 749 456 50
766 463 769 469 .

250 612 373 676 »toute
399 611 492 671 autre
524 620 712 694 causaque
738 593 915 666 l’adulterc
941 591 982 664 ‹le
1007 592 1040 664 la
1066 593 1213 684 femma,
1267 616 1271 623 ·

168 807 169 810 ,
248 752 360 804 »aura
383 725 466 798 dure
488 724 573 796 trois
596 749 677 813 ans,
700 721 836 820 l’epoux
861 722 919 820 qui
942 720 1026 792 eruit
1047 719 1216 818 originai-

248 866 409 928 »rement
434 850 634 940 defendent,
659 876 782 948 pourra
812 848 991 921 demander
1022 848 1052 919 le
1077 847 1215 924 divorce

250 1005 326 1053 nau
353 978 519 1069 tribunal,
557 978 616 1076 qui
640 975 852 1066 l'admettra‚
887 976 915 1049 si
953 975 984 1046 le
1012 964 1215 1047 demandeur

251 1105 481 1206 ansigisum,
505 1092 638 1202 present
666 1129 711 1174 ou
737 1102 877 1175 dirment
900 1101 1039 1201 appele,
1062 1127 1103 1174 ne
1130 1123 1253 1175 con-³

215 1226 218 1234 ’
253 1244 358 1304 nsent
388 1256 449 1328 pas
482 1229 767 1303 immadiarement
800 1227 928 1300 asaiae
959 1252 1066 1298 casser
1101 1228 1132 1300 la
1160 1230 1218 1300 sc·-

248 1359 473 1458 »parati0u.'?

213 1577 217 1585 ,
297 1467 486 1555 Noluerunt
516 1481 606 1552 enim
630 1479 853 1578 legislatores
875 1479 995 1554 Gallici
1019 1488 1218 1578 perpetuam
1264 1507 1267 1511 ·

173 1632 180 1638 ‘
231 1606 460 1681 ‘introducere
480 1598 743 1705 separationem,
769 1632 836 1706 qua
859 1597 1019 1706 conjuges
1036 1608 1219 1705 privaren-

141 1830 144 1834 Δ
252 1745 307 1804 tur
334 1760 353 1804 a
377 1733 530 1806 facultate
552 1727 725 1810 „nouarum
750 1733 1054 1807 contrahendarum
1077 1731 1219 1830 nuptia·-

250 1882 345 1950 rum,
368 1873 402 1931 et
427 1859 473 1930 ita
495 1873 613 1932 contre
640 1861 747 1958 i‘psius
767 1873 905 1931 naturae
929 1871 1030 1947 vota,
1052 1884 1219 1956 cogeren-

169 2080 174 2090 1
252 1997 307 2054 tur
332 1985 367 2055 in
392 1999 554 2082 perpetuo
579 1985 743 2058 coelibatu
759 2011 908 2059 manere:
933 1984 1136 2068 talemeuim
1161 2011 1219 2058 se-

251 2110 460 2208 parationem
496 2113 597 2184 nimis
632 2110 776 2185 civitatis
811 2111 909 2183 saluti
946 2111 1151 2201 contrariam
1184 2123 1219 2182 et

136 2223 143 2292 Ῐ
251 2237 474 2333 perniciosam
494 2238 658 2342 duxerunt
669 2291 681 2329 ,
729 2236 920 2310 satisfecisse
940 2215 1050 2311 autem
1070 2239 1218 2309 libertati

249 2363 422 2460 religiosae
449 2365 677 2455 crediderunt,
710 2365 744 2436 si
766 2367 901 2465 conjugi
932 2366 1021 2437 laeso
1047 2378 1081 2434 et
1114 2364 1220 2435 inno-

253 2488 340 2566 centi
375 2487 563 2559 facultatem
597 2503 828 2562 concesserunt
852 2490 985 2591 petendi
1017 2489 1072 2566 vel
1094 2489 1220 2564 divor·-

222 2703 224 2706 .
250 2612 338 2700 tium
358 2611 409 2688 tel
431 2614 671 2709 separationem
685 2615 776 2687 thori
796 2630 829 2689 et
843 2641 993 2706 mensae,
1018 2617 1044 2687 si
1060 2614 1114 2687 ille
1133 2641 1219 2690 vero

250 2750 328 2838 post
344 2739 459 2812 ‘trium
486 2765 653 2814 annorum
683 2742 853 2840 spatium,
886 2746 928 2838 in¹
952 2722 1236 2817 cessationem-.-
1275 2756 1280 2765 “

252 2866 435 2963 pacationis
461 2868 650 2950 conseritira·
670 2869 835 2957 nolucrit,
860 2869 1003 2958 habere,
1041 2867 1259 2957 dicabant,··

252 2993 342 3090 quoa
367 2986 433 3096 sas
453 2994 652 3092 impurata,
676 2995 812 3074 aruns
825 2964 884 3065 uri
907 2994 1072 3092 separatio
1100 2993 1135 3064 in
1160 2993 1218 3066 ar.

249 3118 400 3192 tortium
420 3133 686 3197 convertemur,
721 3142 790 3189 non
810 3118 908 3191 renim
936 3118 979 3192 ad
1005 3119 1071 3192 hoc
1098 3148 1116 3191 a
1142 3116 1216 3218 lege

249 3245 403 3343 cogitur,
435 3271 512 3315 nam
542 3244 577 3316 id
599 3245 793 3344 praevenire
814 3259 927 3343 potest
950 3247 978 3318 si
1007 3248 1129 3318 iterum
1155 3273 1217 3318 ac-

247 3370 330 3466 cipit·
355 3373 531 3470 conjugem
560 3364 758 3470 separatim.
808 3372 964 3472 Denique
983 3374 1149 3468 injustum
1174 3399 1214 3444 ac

248 3491 372 3568 durum
398 3497 489 3588 fore,
522 3509 743 3596 putaverunt,
774 3501 957 3599 conjugem
980 3499 1039 3600 qui
1065 3496 1212 3571 dissolu-

247 3616 373 3693 tionem
397 3625 602 3696 matrimonii
624 3626 755 3726 legibus
770 3626 894 3702 divinis
913 3605 1123 3724 prohibitam
1145 3653 1210 3699 non

180 3807 183 3814 ,
246 3739 372 3833 credit,
395 3773 513 3848 cogare
537 3764 576 3822 ut
597 3765 709 3825 tamen
721 3756 793 3851 ejus
814 3755 952 3828 retineat
972 3755 1210 3843 simulacrum,

247 3880 347 3966 atque
374 3872 553 3967 prohibere
578 3893 615 3952 ut
652 3879 806 3953 facultate
839 3894 969 3970 utatur,
1015 3908 1119 3982 quam
1148 3881 1212 3954 sibi
1265 3963 1271 3979 ι
