2564 4770
619 451 663 540 3·
756 447 758 452 .

155 660 332 772 sudabatur
363 660 596 758 eudemius,
621 660 748 736 rationo
779 662 912 750 mariti,
935 665 994 737 uti.
1038 666 1111 742 Fu-

157 787 234 859 dem
260 786 366 861 modo
394 785 429 859 iu
458 787 608 887 legibus,
643 808 851 864 aunuum
880 790 1010 887 populu
1038 791 1113 866 Roe

158 939 262 986 mano
300 911 406 1002 datis,
449 914 571 989 marito
600 926 732 986 tantum
759 912 887 1012 aliquus
919 913 965 993 ob
998 937 1113 989 causas

149 1038 343 1129 ¹divertendi
367 1040 507 1113 facultas
528 1038 791 1113 couoedebatur:
830 1038 921 1135 apud
947 1039 1110 1114 barbaros

156 1164 250 1237 euim
270 1164 414 1266 populos
436 1190 523 1241 uxor
542 1178 576 1238 et
602 1165 699 1237 liberi
722 1163 823 1237 rebus
858 1163 928 1237 feru
953 1166 1114 1277 aoquipar

159 1304 295 1381 rantur,
330 1291 372 1364 de
398 1293 521 1392 quibus
548 1317 612 1390 pro
635 1292 752 1392 lubitu
769 1291 911 1382 maritus
937 1290 1113 1389 disponere
1244 1292 1247 1298 ’

157 1428 278 1514 potest.

205 1545 246 1614 Iu
269 1541 399 1640 legibus
427 1556 555 1634 autem,
584 1569 666 1642 quas
685 1542 775 1616 dedit
798 1568 918 1618 souoss
930 1543 1115 1619 Athenien-

157 1665 272 1754 sibus,
295 1664 385 1762 apud
413 1691 497 1762 quos
521 1668 588 1740 hoc
611 1644 762 1766 tompore
789 1667 919 1740 cultura
940 1682 975 1740 et
988 1666 1113 1741 huma-

113 1816 118 1823 ’
158 1791 247 1860 nitas
260 1790 329 1886 jam
352 1788 448 1865 valde
467 1789 601 1862 fuerunt
618 1818 832 1890 progressae,
853 1819 958 1890 aequa
971 1807 1004 1865 et
1021 1795 1115 1890 paria

160 1915 250 2012 juria
285 1895 432 1991 viribus
453 1928 487 1988 et
527 1916 745 2006 mulieribus,
790 1917 920 1987 ratione
953 1890 1115 2017 diuortii,

161 2039 401 2113 conceduntur.
449 2040 593 2132 Quando
615 2039 705 2142 apud
723 2045 895 2124 Romanos
921 2041 1041 2115 iisdem
1060 2046 1118 2142 ju-

163 2165 278 2253 ribus,
308 2165 510 2256 basiare,
545 2166 594 2238 uti
622 2150 804 2266 oooperuut
829 2192 949 2240 uxores
978 2194 1016 2239 uc
1041 2194 1118 2242 ma-

86 2388 93 2400 ,
162 2292 221 2364 riti
243 2317 283 2364 ex
305 2292 443 2386 historia
465 2317 536 2364 non
560 2305 672 2393 patet3
695 2316 1037 2378 suouuusouuuvuus
1051 2319 1120 2390 pu-

162 2417 290 2520 tat-boo
302 2418 531 2490 introductum
549 2417 650 2490 fuisse
661 2418 904 2516 LegibusXII.
915 2416 1026 2491 Tabb.
1039 2416 1098 2515 (l)
1106 2444 1117 2510 3

162 2546 220 2618 alii
243 2570 324 2621 vero
345 2545 431 2636 hoo,
455 2544 619 2617 seriorum
640 2556 850 2643 temporum,
874 2543 1120 2616 institutionem

161 2695 238 2744 usse¹
256 2671 395 2746 volunt:
424 2670 490 2742 'sed
517 2670 681 2744 uxoribus
705 2669 852 2746 divortia
878 2681 1029 2774 tempore
1060 2690 1121 2740 01-

168 2817 341 2868 cuuoms·
356 2781 425 2888 jafi
453 2788 612 2890 permissa
642 2795 742 2867 fuisse
767 2795 897 2866 cousus
926 2819 968 2864 ex
987 2779 1122 2865 cousin
1239 2820 1244 2830 ·

169 2921 213 2992 ad
226 2915 511 3016 eumepistolam,
535 2919 725 2990 iueaeuim
738 2917 902 3015 legimus:
927 2933 1121 2989 »Pavum

169 3046 372 3135 vanuum,
396 3069 495 3117 soror
516 3039 696 3135 ulum,
728 3042 913 3121 divortium
942 3041 1012 3113 siue
1040 3067 1124 3119 cau-

172 3197 208 3244 sa
225 3229 234 3246 .
250 3229 259 3244 .
275 3228 310 3247 ..
338 3171 414 3244 facit
433 3169 530 3270 (2).”

218 3298 464 3372 Posterioribus
473 3295 700 3396 temporibus,
716 3309 881 3370 ciusoeute
892 3317 1029 3368 morum
1044 3314 1124 3361 cor-

173 3416 302 3524 ruptela
320 3436 359 3495 au
383 3435 586 3526 aucresoeuta
607 3421 759 3514 luxuria,
779 3421 883 3519 boooe
908 3420 950 3490 iis
970 3438 1125 3488 concesso

173 3553 248 3648 jure
266 3527 334 3642 uti,
359 3548 414 3627 vel
437 3548 548 3646 potius
561 3548 675 3638 abuti,
698 3547 851 3619 mulieres
874 3568 944 3615 uon
972 3542 1129 3643 neglexe-

207 3873 249 3940 (1)
269 3872 362 3938 Esuris
376 3873 418 3923 dea
433 3871 511 3920 Lois-
529 3864 610 3917 Livre
624 3862 705 3917 xvi.
722 3862 808 3931 Chap.
818 3863 858 3919 16.
875 3865 905 3916 iu
919 3865 1005 3917 initio.

209 3961 249 4029 (2)
270 3963 357 4029 Epist.
377 3964 411 4012 ud
426 3962 500 4011 Fam.
520 3953 652 4020 L.v111,·
667 3952 718 4023 Ep.
728 3953 753 4004 7.

966 4015 1080 4122 1*'
