2564 4770
629 387 652 459 6

98 586 101 596 ’
167 591 295 672 tificum
308 601 541 686 Romanorum
567 595 763 671 auctoritate
790 623 889 697 supra
915 599 1005 699 leges
1029 600 1129 707 ciri...

165 724 214 801 les
237 736 459 811 excrescente,
480 721 615 797 tandem
630 724 738 796 ctiam
761 723 891 797 saeculo
915 751 1004 799 nono
1029 728 1119 828 legi-

164 852 229 924 bus
256 849 411 925 civilibus
436 848 495 923 illa
513 849 636 948 'opinio
657 862 708 922 est
729 850 872 927 sanciat
897 864 932 923 et
958 839 1118 945 demum,

102 979 104 982 ’
165 1002 244 1049 cum
265 976 476 1049 sacramentis
501 977 688 1048 enumerari
709 977 963 1050 matrimonium
989 981 1127 1078 coepit,

166 1102 319 1175 omnium
357 1101 399 1176 ad
432 1102 518 1174 hanc
549 1103 733 1180 materiam.
749 1104 968 1202 spectantium
1003 1130 1118 1179 rerum

166 1214 411 1329 cognitionem,
434 1227 497 1299 sihi
508 1241 695 1327 competere
708 1229 880 1301 contendit
900 1229 1117 1330 ecclesia(l).

216 1356 306 1427 Cum
335 1378 426 1427 nunc
458 1354 561 1452 igitur
588 1355 733 1453 amplius
767 1354 931 1432 divertere
966 1355 1122 1430 homines

164 1505 234 1551 non
259 1489 408 1581 possent,
439 1492 597 1553 ettamen
618 1480 752 1552 eaedem
767 1505 901 1571 causae,
925 1506 1009 1582 quae
1025 1495 1124 1560 antea

169 1606 375 1696 divortium,
399 1606 448 1682 uti
470 1606 606 1704 majoris
629 1606 708 1677 mali
727 1605 939 1698 remedium,
969 1632 1123 1690 necessa-

167 1735 259 1818 rium
284 1733 452 1824 fecerunt,
485 1731 655 1823 adessent,
691 1731 800 1804 media
833 1732 995 1830 quaedam
1022 1736 1123 1823 uina

165 1857 304 1934 Clericis
321 1872 376 1932 est
402 1858 558 1949 inventa,
586 1869 640 1945 et,
673 1858 708 1929 in
735 1857 962 1933 divortiorum
985 1858 1123 1950 locum,

143 1981 354 2056 introducta
391 1997 441 2054 est
478 1983 640 2080 separatio
677 1981 768 2056 thori
794 1996 834 2056 et.
862 2009 1012 2074 mensae,
1051 1966 1136 2085 qun*

163 2107 300 2208 quidem
329 2108 486 2206 conjuges
511 2133 531 2178 a
558 2131 592 2178 se
619 2105 764 2180 invicem
790 2121 1003 2206 separantur,
1028 2135 1122 2208 uup·

155 2235 290 2324 ,tiamm
318 2243 429 2306 autem
453 2232 627 2310 vinculum
656 2258 726 2304 non
754 2233 919 2327 solvitur,
942 2248 1041 2335 atque
1073 2237 1124 2310 ita

165 2364 326 2460 conjuges
367 2360 636 2459 sepontinum
668 2359 752 2432 inire
779 2374 857 2437 vota
884 2360 1122 2459 prohibentur.

164 2487 229 2558 Est
255 2488 367 2584 itaque
388 2485 446 2556 illa
470 2487 636 2585 separatio
657 2512 790 2559 merum
814 2489 908 2560 Juris
933 2488 1123 2563 Ecclesias—

165 2611 222 2684 tici
244 2610 427 2687 inventum.
457 2598 460 2604 ¹
530 2627 534 2636 “

79 2716 82 2723 ’
210 2737 361 2829 Haecoe,
398 2735 537 2810 deuon
565 2737 701 2812 solubili
733 2741 950 2814 matrimonio
976 2766 1037 2840 per
1063 2738 1125 2812 di·-

165 2849 332 2955 vortium,
356 2862 508 2937 doctrina
527 2865 562 2936 in
585 2878 659 2938 toto
682 2866 764 2938 orbe
778 2866 987 2949 Christiano,
1011 2889 1125 2962 usque

164 2986 207 3059 ed
231 2989 524 3076 reformationem,
546 2991 666 3083 viguit.
715 2991 832 3076 Quum
846 2998 975 3077 autem,
1000 3009 1128 3060 secun-
1163 2971 1166 2974 Δ

43 3181 44 3184 ,
164 3111 246 3183 dum
282 3109 453 3207 religionis
487 3099 683 3181 reformatae
709 3109 893 3211 principia,
932 3109 975 3184 ad
1004 3136 1125 3188 sacra-

117 3241 122 3253 ’
163 3249 274 3310 menta
301 3259 370 3307 non
406 3236 567 3308 referatur
595 3237 864 3329 matrimonium,
902 3252 1020 3337 atque,
1059 3243 1123 3339 qui

164 3365 235 3458 ejus
260 3362 363 3436 sacris
391 3344 527 3435 fuerunt
550 3361 694 3456 addicti,
726 3367 762 3438 in
786 3366 887 3438 saeris
913 3365 1034 3439 litteris
1060 3368 1123 3440 ni-

163 3485 214 3559 hil
241 3465 458 3581 inuenirent„
486 3516 555 3591 quo
590 3505 771 3584 constaret,
810 3490 997 3571 divortium
1035 3496 1121 3566 reli-

164 3705 489 3732 *aqu-...-

193 3819 235 3891 (1)
255 3817 403 3886 Jonouus,
422 3821 573 3890 r.1.p.1r.
591 3840 666 3892 seqq.
703 3823 817 3891 Bnour,
846 3797 963 3878 Kerlien
983 3828 1070 3879 Staot.
1089 3825 1124 3879 T.
1170 3839 1178 3846 ·

255 3909 403 3978 lV.'partie
416 3910 442 3962 2.
459 3930 485 3980 p.
503 3914 562 3966 657.
581 3929 655 3981 seqq.
688 3964 690 3969 .
