2564 4770
548 398 687 516 ⁸aa.

137 645 141 652 ·
174 608 378 684 horrendum
403 605 574 679 homicidii
601 609 826 701 committere,
862 636 968 711 neque
1004 615 1048 686 ab
1087 642 1128 689 eo

172 739 412 825 absterreatur,
436 747 526 808 metu
553 759 679 836 poenae
693 723 806 835 ⁸quarn
833 736 924 812 luere
948 738 1064 834 debet,
1099 746 1127 815 si

109 919 119 929 -
169 866 297 940 crimen
324 859 589 967 deprehenditur.

217 990 283 1065 Sed
309 995 348 1064 et'
372 990 494 1087 conjux
527 989 684 1066 innooens
717 989 795 1088 cogi
826 1014 896 1062 uon
924 1005 1052 1091 potest,
1089 1008 1127 1068 ut

117 1196 119 1200 ,
166 1130 297 1193 maneat
320 1119 354 1188 in
386 1115 639 1212 conjunctione,
663 1141 747 1214 quae
773 1116 804 1188 ei
827 1129 878 1188 est
902 1120 1126 1217 periculosis-

68 1251 74 1264 '
167 1247 270 1335 sima,
301 1269 368 1342 qua
394 1226 535 1313 durante
566 1242 671 1319 vitam
697 1243 853 1316 miseram
878 1242 999 1344 degere
1027 1246 1125 1322 debet

164 1373 199 1444 in
227 1351 388 1469 perpetue
411 1380 523 1456 metu,
544 1355 648 1465 inque
671 1370 873 1468 sempiterna
901 1372 1065 1446 anxietate
1088 1387 1121 1446 et

162 1494 403 1582 sollicitudine,
427 1491 540 1564 ncilla
568 1491 744 1565 insidiatur
768 1495 811 1567 ab
838 1496 942 1571 altero
966 1500 1120 1599 conjuge.

211 1625 263 1694 11⁰
311 1619 370 1694 De
388 1616 535 1691 saevitiis.
585 1617 749 1724 Saevitiae
778 1635 856 1695 sunt
893 1650 1009 1700 omnes
1046 1626 1123 1700 illae

161 1747 368 1838 vexationes,
402 1745 640 1833 cruciationes,
676 1746 836 1819 laesiones
864 1763 897 1822 et
919 1727 1124 1849 privationes

161 1874 339 1976 physicae,
359 1898 442 1972 quas
452 1873 556 1945 homo
572 1871 703 1944 homini
717 1872 868 1971 infligere
889 1862 1023 1972 potest,
1037 1880 1138 1976 qnae*

48 1976 52 1981 .
103 1974 108 1983 ¹
161 2002 298 2100 quidem
319 2001 540 2071 domesticam
554 2025 670 2096 pacem
690 2011 724 2072 et
737 2000 884 2100 quietam
897 2002 1035 2076 omnino
1049 1996 1146 2078 tol-'²

158 2128 253 2217 lunt,
278 2128 449 2223 vitamque
477 2148 693 2223 communem
719 2150 788 2197 non
811 2127 1020 2203 tolerandam
1042 2130 1121 2205 rad-

159 2252 264 2345 dunt,
282 2252 414 2335 „vitam'
430 2275 508 2324 vero
534 2275 603 2323 non
627 2250 663 2323 in
686 2251 874 2351 pericnlum
901 2252 1030 2328 ducunt
1046 2257 1117 2357 (l).

28 2372 31 2380 ’
103 2440 105 2444 a
157 2379 391 2454 Periculosum
414 2378 515 2451 nobis
534 2377 667 2455 videtur
694 2381 871 2480 conjugem
894 2382 940 2452 ita
962 2395 1120 2457 vexatum

128 2521 200 2582 ‚et
215 2510 399 2580 cruciatum
426 2505 603 2606 prohibere
631 2507 813 2607 quominus
846 2519 940 2607 petat
968 2509 1119 2608 conjugii

129 2628 131 2633 ’
155 2634 296 2708 infelicis
323 2632 604 2708 dissolutionem}
633 2631 818 2705 cavendum
842 2633 950 2726 enim,
994 2660 1037 2708 ne
1060 2636 1118 2706 in*-

155 2762 235 2838 felix
270 2763 414 2860 conjux,
452 2787 530 2834 curn
557 2761 588 2832 ei
615 2787 634 2832 a
660 2759 734 2859 lege
760 2760 894 2832 nullum
928 2760 1045 2834 datum
1074 2763 1117 2834 sit

155 2891 344 2989 legitimum
373 2889 557 2962 remedium
581 2888 697 2976 tristis
710 2886 955 2984 conjunctionis
980 2887 1117 2962 solven-

154 3017 235 3105 dae,
264 3015 307 3086 ad
333 3014 545 3116 illegitimum
565 3027 598 3085 et
622 3014 763 3087 vetitum
789 3010 971 3108 confugiat.
1022 3013 1116 3087 Talis

154 3154 266 3214 autem
303 3154 352 3212 est
380 3140 526 3213 hominis
557 3149 693 3226 natura,
732 3148 791 3227 nt,
829 3164 1036 3238 quamquam
1074 3143 1117 3214 sit

75 3342 79 3349 ,
141 3266 398 3368 'placidissimus
434 3278 467 3338 et
494 3264 605 3337 omnis
640 3247 790 3336 criminis
818 3251 965 3356 alienus,
1003 3280 1116 3338 tamen

152 3397 223 3493 ejus
252 3374 400 3484 animffi,
425 3391 629 3492 quotidianis
656 3391 909 3484 vexationibus,
934 3391 1128 3491 sempiter--

153 3523 206 3594 nis
220 3522 491 3616 crudelitatibus,
513 3523 561 3594 ita
581 3520 752 3611 irritetur,
772 3519 864 3619 qnod
882 3520 1113 3622 potiusquam

179 3864 219 3933 (t)
240 3861 362 3928 cocat,
382 3864 401 3914 1.
419 3865 438 3915 l.
453 3883 480 3934 p.
496 3866 557 3918 116.
594 3821 764 3936 constratam,
784 3866 802 3916 l.
821 3865 839 3915 l.
857 3882 883 3932 p.
904 3866 963 3948 146.
1004 3863 1115 3928 Matisa,

240 3953 259 4004 l.
278 3953 297 4005 1.
313 3971 340 4021 p.
360 3952 419 4004 32⁷.
