<?xml version="1.0" encoding="UTF-8"?>
<!DOCTYPE html PUBLIC "-//W3C//DTD XHTML 1.0 Transitional//EN"
    "http://www.w3.org/TR/xhtml1/DTD/xhtml1-transitional.dtd">
<html xmlns="http://www.w3.org/1999/xhtml" xml:lang="en" lang="en">
 <head>
  <title>
</title>
<meta http-equiv="Content-Type" content="text/html;charset=utf-8" />
  <meta name='ocr-system' content='tesseract 3.04.00' />
  <meta name='ocr-capabilities' content='ocr_page ocr_carea ocr_par ocr_line ocrx_word'/>
</head>
<body>
  <div class='ocr_page' id='page_1' title='image "./specimenjuridic00knotgoog_0065.png"; bbox 0 0 2564 4770; ppageno 0'>
   <div class='ocr_carea' id='block_1_1' title="bbox 707 391 760 463">
    <p class='ocr_par' dir='ltr' id='par_1_1' title="bbox 707 391 760 463">
     <span class='ocr_line' id='line_1_1' title="bbox 707 391 760 463; baseline -0.057 0"><span class='ocrx_word' id='word_1_1' title='bbox 707 391 760 463; x_wconf 80' lang='grc'><strong>52-</strong></span> 
     </span>
    </p>
   </div>
   <div class='ocr_carea' id='block_1_2' title="bbox 154 602 1225 1693">
    <p class='ocr_par' dir='ltr' id='par_1_2' title="bbox 154 602 1225 1462">
     <span class='ocr_line' id='line_1_2' title="bbox 281 602 1213 707; baseline -0.004 -32"><span class='ocrx_word' id='word_1_2' title='bbox 281 607 416 704; x_wconf 87' lang='lat' dir='ltr'><strong>.Neque</strong></span> <span class='ocrx_word' id='word_1_3' title='bbox 450 604 551 676; x_wconf 80' lang='lat' dir='ltr'><strong>etiam</strong></span> <span class='ocrx_word' id='word_1_4' title='bbox 584 605 721 700; x_wconf 82' lang='lat' dir='ltr'><strong>conjux,</strong></span> <span class='ocrx_word' id='word_1_5' title='bbox 760 613 890 707; x_wconf 76' lang='lat' dir='ltr'><strong>contra</strong></span> <span class='ocrx_word' id='word_1_6' title='bbox 910 625 1009 701; x_wconf 89' lang='lat' dir='ltr'><strong>quem</strong></span> <span class='ocrx_word' id='word_1_7' title='bbox 1045 602 1213 698; x_wconf 78' lang='lat' dir='ltr'>separatio</span> 
     </span>
     <span class='ocr_line' id='line_1_3' title="bbox 255 723 1214 832; baseline -0.009 -27"><span class='ocrx_word' id='word_1_8' title='bbox 255 745 304 806; x_wconf 86' lang='lat' dir='ltr'><strong>est</strong></span> <span class='ocrx_word' id='word_1_9' title='bbox 326 733 447 832; x_wconf 88' lang='lat' dir='ltr'><strong>petita,</strong></span> <span class='ocrx_word' id='word_1_10' title='bbox 471 754 675 829; x_wconf 85' lang='lat' dir='ltr'><strong>quamquam</strong></span> <span class='ocrx_word' id='word_1_11' title='bbox 703 740 736 800; x_wconf 88' lang='lat' dir='ltr'><strong>et</strong></span> <span class='ocrx_word' id='word_1_12' title='bbox 757 729 829 825; x_wconf 90' lang='lat' dir='ltr'>ipse</span> <span class='ocrx_word' id='word_1_13' title='bbox 851 723 990 800; x_wconf 83' lang='lat' dir='ltr'>dissolri</span> <span class='ocrx_word' id='word_1_14' title='bbox 1015 751 1111 824; x_wconf 87' lang='lat' dir='ltr'>posse</span> <span class='ocrx_word' id='word_1_15' title='bbox 1133 752 1214 798; x_wconf 86' lang='lat' dir='ltr'><strong>ma-</strong></span> 
     </span>
     <span class='ocr_line' id='line_1_4' title="bbox 247 851 1225 954; baseline -0.005 -21"><span class='ocrx_word' id='word_1_16' title='bbox 247 859 449 936; x_wconf 73' lang='lat' dir='ltr'><strong>irimonium</strong></span> <span class='ocrx_word' id='word_1_17' title='bbox 488 856 613 946; x_wconf 85' lang='lat' dir='ltr'><strong>credit,</strong></span> <span class='ocrx_word' id='word_1_18' title='bbox 652 857 746 954; x_wconf 87' lang='lat' dir='ltr'><strong>queri</strong></span> <span class='ocrx_word' id='word_1_19' title='bbox 780 866 890 953; x_wconf 81' lang='lat' dir='ltr'><strong>potest</strong></span> <span class='ocrx_word' id='word_1_20' title='bbox 925 853 966 924; x_wconf 89' lang='lat' dir='ltr'><strong>de</strong></span> <span class='ocrx_word' id='word_1_21' title='bbox 997 853 1118 950; x_wconf 81' lang='lat' dir='ltr'><strong>injuria</strong></span> <span class='ocrx_word' id='word_1_22' title='bbox 1147 851 1225 928; x_wconf 82' lang='lat' dir='ltr'>sibi.</span> 
     </span>
     <span class='ocr_line' id='line_1_5' title="bbox 179 979 1218 1083; baseline -0.007 -28"><span class='ocrx_word' id='word_1_23' title='bbox 179 987 211 1071; x_wconf 85' lang='grc' dir='ltr'> </span> <span class='ocrx_word' id='word_1_24' title='bbox 257 984 367 1074; x_wconf 84' lang='lat' dir='ltr'><strong>illata,</strong></span> <span class='ocrx_word' id='word_1_25' title='bbox 404 987 474 1083; x_wconf 87' lang='lat' dir='ltr'>ipse</span> <span class='ocrx_word' id='word_1_26' title='bbox 515 982 604 1055; x_wconf 87' lang='lat' dir='ltr'><strong>euim</strong></span> <span class='ocrx_word' id='word_1_27' title='bbox 628 994 678 1053; x_wconf 90' lang='lat' dir='ltr'><strong>est</strong></span> <span class='ocrx_word' id='word_1_28' title='bbox 712 979 880 1062; x_wconf 86' lang='lat' dir='ltr'><strong>habendus</strong></span> <span class='ocrx_word' id='word_1_29' title='bbox 914 1004 1048 1050; x_wconf 82' lang='lat' dir='ltr'>causam</span> <span class='ocrx_word' id='word_1_30' title='bbox 1082 1001 1218 1076; x_wconf 87' lang='lat' dir='ltr'><strong>separa-</strong></span> 
     </span>
     <span class='ocr_line' id='line_1_6' title="bbox 154 1093 1216 1210; baseline -0.008 -27"><span class='ocrx_word' id='word_1_31' title='bbox 154 1099 157 1106; x_wconf 35' lang='lat'><em>*</em></span> <span class='ocrx_word' id='word_1_32' title='bbox 253 1109 511 1201; x_wconf 79' lang='lat' dir='ltr'><strong>tionis&#39;dedisse‚</strong></span> <span class='ocrx_word' id='word_1_33' title='bbox 536 1122 634 1210; x_wconf 83' lang='lat' dir='ltr'><strong>atque</strong></span> <span class='ocrx_word' id='word_1_34' title='bbox 661 1109 707 1180; x_wconf 92' lang='lat' dir='ltr'><strong>ita</strong></span> <span class='ocrx_word' id='word_1_35' title='bbox 732 1133 809 1179; x_wconf 87' lang='lat' dir='ltr'><strong>suae</strong></span> <span class='ocrx_word' id='word_1_36' title='bbox 831 1093 952 1204; x_wconf 30' lang='lat' dir='ltr'><strong>culpae*</strong></span> <span class='ocrx_word' id='word_1_37' title='bbox 967 1130 1111 1204; x_wconf 86' lang='lat' dir='ltr'><strong>poenam</strong></span> <span class='ocrx_word' id='word_1_38' title='bbox 1133 1104 1216 1194; x_wconf 84' lang='lat' dir='ltr'><strong>luit,</strong></span> 
     </span>
     <span class='ocr_line' id='line_1_7' title="bbox 256 1230 1217 1336; baseline -0.01 -26"><span class='ocrx_word' id='word_1_39' title='bbox 256 1237 402 1336; x_wconf 78' lang='lat' dir='ltr'><strong>adeoque</strong></span> <span class='ocrx_word' id='word_1_40' title='bbox 424 1236 516 1330; x_wconf 80' lang='lat' dir='ltr'><strong>nuilo</strong></span> <span class='ocrx_word' id='word_1_41' title='bbox 544 1236 628 1332; x_wconf 85' lang='lat' dir='ltr'>juris</span> <span class='ocrx_word' id='word_1_42' title='bbox 660 1234 874 1307; x_wconf 87' lang='lat' dir='ltr'><strong>fundamento</strong></span> <span class='ocrx_word' id='word_1_43' title='bbox 910 1232 1027 1304; x_wconf 85' lang='lat' dir='ltr'><strong>nititur</strong></span> <span class='ocrx_word' id='word_1_44' title='bbox 1058 1230 1217 1318; x_wconf 81' lang='lat' dir='ltr'><strong>facultas,</strong></span> 
     </span>
     <span class='ocr_line' id='line_1_8' title="bbox 180 1339 1219 1462; baseline -0.01 -25"><span class='ocrx_word' id='word_1_45' title='bbox 180 1339 209 1439; x_wconf 22' lang='lat'><strong>‚⁹</strong></span> <span class='ocrx_word' id='word_1_46' title='bbox 255 1391 341 1462; x_wconf 87' lang='lat' dir='ltr'><strong>qua,</strong></span> <span class='ocrx_word' id='word_1_47' title='bbox 376 1364 418 1435; x_wconf 88' lang='lat' dir='ltr'><strong>ab</strong></span> <span class='ocrx_word' id='word_1_48' title='bbox 446 1363 548 1436; x_wconf 82' lang='lat' dir='ltr'><strong>altero</strong></span> <span class='ocrx_word' id='word_1_49' title='bbox 577 1364 719 1460; x_wconf 84' lang='lat' dir='ltr'><strong>conjuge</strong></span> <span class='ocrx_word' id='word_1_50' title='bbox 746 1362 848 1460; x_wconf 86' lang='lat' dir='ltr'><strong>petita</strong></span> <span class='ocrx_word' id='word_1_51' title='bbox 871 1373 955 1459; x_wconf 82' lang='lat' dir='ltr'><strong>eta</strong></span> <span class='ocrx_word' id='word_1_52' title='bbox 991 1358 1099 1455; x_wconf 87' lang='lat' dir='ltr'><strong>judioe</strong></span> <span class='ocrx_word' id='word_1_53' title='bbox 1131 1383 1219 1431; x_wconf 93' lang='lat' dir='ltr'><strong>con-</strong></span> 
     </span>
    </p>

    <p class='ocr_par' dir='ltr' id='par_1_3' title="bbox 216 1477 1219 1714">
     <span class='ocr_line' id='line_1_9' title="bbox 216 1477 1219 1589; baseline -0.007 -28"><span class='ocrx_word' id='word_1_54' title='bbox 216 1477 219 1482; x_wconf 25' lang='lat'>·</span> <span class='ocrx_word' id='word_1_55' title='bbox 255 1481 343 1562; x_wconf 73' lang='lat' dir='ltr'>c&#39;essa</span> <span class='ocrx_word' id='word_1_56' title='bbox 370 1491 597 1587; x_wconf 85' lang='lat' dir='ltr'><strong>separatione,</strong></span> <span class='ocrx_word' id='word_1_57' title='bbox 620 1502 732 1589; x_wconf 86' lang='lat' dir='ltr'><strong>petere</strong></span> <span class='ocrx_word' id='word_1_58' title='bbox 757 1488 886 1588; x_wconf 84' lang='lat' dir='ltr'>possit,</span> <span class='ocrx_word' id='word_1_59' title='bbox 917 1498 953 1557; x_wconf 90' lang='lat' dir='ltr'><strong>ut</strong></span> <span class='ocrx_word' id='word_1_60' title='bbox 976 1511 1014 1557; x_wconf 82' lang='lat' dir='ltr'><strong>ea</strong></span> <span class='ocrx_word' id='word_1_61' title='bbox 1038 1485 1072 1554; x_wconf 91' lang='lat' dir='ltr'><strong>in</strong></span> <span class='ocrx_word' id='word_1_62' title='bbox 1095 1482 1219 1559; x_wconf 89' lang='lat' dir='ltr'><strong>divor-</strong></span> 
     </span>
     <span class='ocr_line' id='line_1_10' title="bbox 243 1589 589 1693; baseline 0.003 -8"><span class='ocrx_word' id='word_1_63' title='bbox 243 1616 345 1688; x_wconf 76' lang='lat' dir='ltr'><strong>‘tium&#39;</strong></span> <span class='ocrx_word' id='word_1_64' title='bbox 366 1589 589 1693; x_wconf 80' lang='lat' dir='ltr'><strong>convertatur.</strong></span> 
     </span>
    </p>
   </div>
   <div class='ocr_carea' id='block_1_3' title="bbox 581 1864 780 2007">
    <p class='ocr_par' dir='ltr' id='par_1_4' title="bbox 581 1864 780 2007">
     <span class='ocr_line' id='line_1_11' title="bbox 581 1864 780 2007; baseline 0 -58"><span class='ocrx_word' id='word_1_65' title='bbox 581 1864 589 1881; x_wconf 53' lang='lat'>⁸</span> <span class='ocrx_word' id='word_1_66' title='bbox 693 1867 780 2007; x_wconf 66' lang='lat' dir='ltr'>ss.</span> 
     </span>
    </p>
   </div>
   <div class='ocr_carea' id='block_1_4' title="bbox 261 2103 1145 2351">
    <p class='ocr_par' dir='ltr' id='par_1_5' title="bbox 261 2103 1145 2351">
     <span class='ocr_line' id='line_1_12' title="bbox 261 2103 1145 2230; baseline 0.005 -34"><span class='ocrx_word' id='word_1_67' title='bbox 261 2154 264 2159; x_wconf 87' lang='lat'><strong>·</strong></span> <span class='ocrx_word' id='word_1_68' title='bbox 328 2122 386 2196; x_wconf 85' lang='lat' dir='ltr'><strong>De</strong></span> <span class='ocrx_word' id='word_1_69' title='bbox 410 2123 555 2215; x_wconf 80' lang='lat' dir='ltr'><strong><em>Furore,</em></strong></span> <span class='ocrx_word' id='word_1_70' title='bbox 580 2123 752 2212; x_wconf 77' lang='lat' dir='ltr'><strong>Dementia</strong></span> <span class='ocrx_word' id='word_1_71' title='bbox 779 2134 816 2200; x_wconf 85' lang='lat' dir='ltr'><strong>et¹</strong></span> <span class='ocrx_word' id='word_1_72' title='bbox 832 2128 1026 2230; x_wconf 80' lang='lat' dir='ltr'><strong>Impotentio</strong></span> <span class='ocrx_word' id='word_1_73' title='bbox 1051 2103 1145 2200; x_wconf 68' lang='lat' dir='ltr'>unias</span> 
     </span>
     <span class='ocr_line' id='line_1_13' title="bbox 617 2248 811 2351; baseline 0.015 -28"><span class='ocrx_word' id='word_1_74' title='bbox 617 2260 618 2263; x_wconf 74' lang='grc'>’</span> <span class='ocrx_word' id='word_1_75' title='bbox 659 2248 811 2351; x_wconf 60' lang='lat' dir='ltr'><strong>conjugiis.</strong></span> 
     </span>
    </p>
   </div>
   <div class='ocr_carea' id='block_1_5' title="bbox 256 2475 1250 2844">
    <p class='ocr_par' dir='ltr' id='par_1_6' title="bbox 128 2475 1250 2844">
     <span class='ocr_line' id='line_1_14' title="bbox 256 2475 1218 2589; baseline 0.004 -26.53"><span class='ocrx_word' id='word_1_76' title='bbox 256 2492 258 2497; x_wconf 69' lang='grc'><strong>’</strong></span> <span class='ocrx_word' id='word_1_77' title='bbox 304 2475 558 2589; x_wconf 65' lang='lat' dir='ltr'>Iniquissimum</span> <span class='ocrx_word' id='word_1_78' title='bbox 581 2505 615 2562; x_wconf 89' lang='lat' dir='ltr'><strong>et</strong></span> <span class='ocrx_word' id='word_1_79' title='bbox 634 2477 848 2564; x_wconf 88' lang='lat' dir='ltr'>durissimum</span> <span class='ocrx_word' id='word_1_80' title='bbox 862 2493 947 2565; x_wconf 83' lang='lat' dir='ltr'><strong>soret</strong></span> <span class='ocrx_word' id='word_1_81' title='bbox 961 2489 1218 2566; x_wconf 73' lang='lat' dir='ltr'><strong>matrimonium</strong></span> 
     </span>
     <span class='ocr_line' id='line_1_15' title="bbox 257 2619 1219 2725; baseline 0.004 -38"><span class='ocrx_word' id='word_1_82' title='bbox 257 2643 455 2725; x_wconf 55' lang='lat' dir='ltr'><strong>runtpere‚·x</strong></span> <span class='ocrx_word' id='word_1_83' title='bbox 470 2631 609 2716; x_wconf 85' lang='lat' dir='ltr'><strong>propter</strong></span> <span class='ocrx_word' id='word_1_84' title='bbox 649 2619 747 2690; x_wconf 91' lang='lat' dir='ltr'>unius</span> <span class='ocrx_word' id='word_1_85' title='bbox 783 2622 935 2720; x_wconf 82' lang='lat' dir='ltr'><strong>conjugis</strong></span> <span class='ocrx_word' id='word_1_86' title='bbox 972 2619 1120 2713; x_wconf 82' lang='lat' dir='ltr'><strong>furorem</strong></span> <span class='ocrx_word' id='word_1_87' title='bbox 1159 2620 1219 2693; x_wconf 81' lang='lat' dir='ltr'><strong>rel</strong></span> 
     </span>
     <span class='ocr_line' id='line_1_16' title="bbox 256 2731 1250 2844; baseline 0.001 -28"><span class='ocrx_word' id='word_1_88' title='bbox 256 2743 466 2818; x_wconf 87' lang='lat' dir='ltr'><strong>dementiam.</strong></span> <span class='ocrx_word' id='word_1_89' title='bbox 505 2742 891 2843; x_wconf 83' lang='lat' dir='ltr'><strong>Reverailleeonjux,</strong></span> <span class='ocrx_word' id='word_1_90' title='bbox 915 2747 1106 2844; x_wconf 85' lang='lat' dir='ltr'><strong>quitaliin</strong></span> <span class='ocrx_word' id='word_1_91' title='bbox 1132 2762 1221 2818; x_wconf 50' lang='lat' dir='ltr'><strong>con*</strong></span> <span class='ocrx_word' id='word_1_92' title='bbox 1248 2731 1250 2734; x_wconf 37' lang='grc'>’</span> 
     </span>
    </p>
   </div>
   <div class='ocr_carea' id='block_1_6' title="bbox 132 2862 1219 2970">
    <p class='ocr_par' dir='ltr' id='par_1_7' title="bbox 132 2862 1219 2970">
     <span class='ocr_line' id='line_1_17' title="bbox 132 2862 1219 2970; baseline 0.006 -32"><span class='ocrx_word' id='word_1_93' title='bbox 132 2923 135 2938; x_wconf 92' lang='grc'>.</span> <span class='ocrx_word' id='word_1_94' title='bbox 257 2870 382 2943; x_wconf 85' lang='lat' dir='ltr'><strong>ditione</strong></span> <span class='ocrx_word' id='word_1_95' title='bbox 399 2885 572 2962; x_wconf 84' lang='lat' dir='ltr'><strong>versatur,</strong></span> <span class='ocrx_word' id='word_1_96' title='bbox 595 2885 746 2970; x_wconf 85' lang='lat' dir='ltr'><strong>respectu</strong></span> <span class='ocrx_word' id='word_1_97' title='bbox 759 2877 877 2970; x_wconf 85' lang='lat' dir='ltr'>exejus</span> <span class='ocrx_word' id='word_1_98' title='bbox 891 2871 1101 2943; x_wconf 86' lang='lat' dir='ltr'><strong>facultatibus</strong></span> <span class='ocrx_word' id='word_1_99' title='bbox 1113 2862 1219 2968; x_wconf 84' lang='lat' dir='ltr'><strong>prae-</strong></span> 
     </span>
    </p>
   </div>
   <div class='ocr_carea' id='block_1_7' title="bbox 155 2997 1226 3483">
    <p class='ocr_par' dir='ltr' id='par_1_8' title="bbox 155 2997 1226 3483">
     <span class='ocr_line' id='line_1_18' title="bbox 257 2997 1217 3096; baseline 0.005 -31"><span class='ocrx_word' id='word_1_100' title='bbox 257 2998 494 3085; x_wconf 86' lang='lat' dir='ltr'><strong>stantissimae,</strong></span> <span class='ocrx_word' id='word_1_101' title='bbox 533 3023 601 3087; x_wconf 88' lang='lat' dir='ltr'><strong>non</strong></span> <span class='ocrx_word' id='word_1_102' title='bbox 638 2997 783 3096; x_wconf 85' lang='lat' dir='ltr'>amplius</span> <span class='ocrx_word' id='word_1_103' title='bbox 813 3011 864 3070; x_wconf 89' lang='lat' dir='ltr'><strong>est</strong></span> <span class='ocrx_word' id='word_1_104' title='bbox 886 2998 1016 3070; x_wconf 80' lang='lat' dir='ltr'><strong>eadem</strong></span> <span class='ocrx_word' id='word_1_105' title='bbox 1052 3023 1217 3095; x_wconf 88' lang='lat' dir='ltr'><strong>persona,</strong></span> 
     </span>
     <span class='ocr_line' id='line_1_19' title="bbox 155 3123 1226 3219; baseline 0.006 -29"><span class='ocrx_word' id='word_1_106' title='bbox 155 3179 157 3181; x_wconf 92' lang='lat'>.</span> <span class='ocrx_word' id='word_1_107' title='bbox 256 3146 398 3219; x_wconf 85' lang='lat' dir='ltr'><strong>quacum</strong></span> <span class='ocrx_word' id='word_1_108' title='bbox 420 3136 628 3197; x_wconf 88' lang='lat' dir='ltr'><strong>contractum</strong></span> <span class='ocrx_word' id='word_1_109' title='bbox 650 3135 700 3193; x_wconf 88' lang='lat' dir='ltr'><strong>est</strong></span> <span class='ocrx_word' id='word_1_110' title='bbox 722 3125 994 3217; x_wconf 82' lang='lat' dir='ltr'><strong>matrimonium,</strong></span> <span class='ocrx_word' id='word_1_111' title='bbox 1020 3123 1078 3197; x_wconf 88' lang='lat' dir='ltr'><strong>sed</strong></span> <span class='ocrx_word' id='word_1_112' title='bbox 1105 3138 1226 3198; x_wconf 83' lang='lat' dir='ltr'><strong>tamen-</strong></span> 
     </span>
     <span class='ocr_line' id='line_1_20' title="bbox 251 3227 1226 3352; baseline 0.007 -33"><span class='ocrx_word' id='word_1_113' title='bbox 251 3266 357 3346; x_wconf 85' lang='lat' dir='ltr'><strong>neque</strong></span> <span class='ocrx_word' id='word_1_114' title='bbox 397 3248 485 3336; x_wconf 75' lang='lat' dir='ltr'><strong>facto</strong></span> <span class='ocrx_word' id='word_1_115' title='bbox 523 3272 603 3336; x_wconf 87' lang='lat' dir='ltr'>suo,</span> <span class='ocrx_word' id='word_1_116' title='bbox 621 3227 624 3232; x_wconf 29' lang='lat'><strong><em>¹</em></strong></span> <span class='ocrx_word' id='word_1_117' title='bbox 641 3274 749 3348; x_wconf 84' lang='lat' dir='ltr'><strong>neque</strong></span> <span class='ocrx_word' id='word_1_118' title='bbox 785 3249 956 3352; x_wconf 82' lang='lat' dir='ltr'><strong>voluntate</strong></span> <span class='ocrx_word' id='word_1_119' title='bbox 989 3277 1047 3324; x_wconf 88' lang='lat' dir='ltr'><strong>sua</strong></span> <span class='ocrx_word' id='word_1_120' title='bbox 1081 3259 1115 3323; x_wconf 91' lang='lat' dir='ltr'><strong>in</strong></span> <span class='ocrx_word' id='word_1_121' title='bbox 1145 3264 1226 3326; x_wconf 85' lang='lat' dir='ltr'><strong>tam-</strong></span> 
     </span>
     <span class='ocr_line' id='line_1_21' title="bbox 245 3373 1215 3483; baseline 0.005 -39"><span class='ocrx_word' id='word_1_122' title='bbox 245 3373 339 3446; x_wconf 77' lang='lat' dir='ltr'><strong>¹tristi</strong></span> <span class='ocrx_word' id='word_1_123' title='bbox 362 3377 465 3466; x_wconf 83' lang='lat' dir='ltr'><strong>evasit</strong></span> <span class='ocrx_word' id='word_1_124' title='bbox 480 3374 699 3483; x_wconf 66' lang='lat' dir='ltr'><strong>eonditum,</strong></span> <span class='ocrx_word' id='word_1_125' title='bbox 723 3401 830 3474; x_wconf 89' lang='lat' dir='ltr'><strong>neque</strong></span> <span class='ocrx_word' id='word_1_126' title='bbox 859 3390 1066 3450; x_wconf 88' lang='lat' dir='ltr'><strong>contractum</strong></span> <span class='ocrx_word' id='word_1_127' title='bbox 1090 3379 1215 3474; x_wconf 86' lang='lat' dir='ltr'><strong>conju-</strong></span> 
     </span>
    </p>
   </div>
   <div class='ocr_carea' id='block_1_8' title="bbox 254 3498 1219 3720">
    <p class='ocr_par' dir='ltr' id='par_1_9' title="bbox 254 3498 1219 3720">
     <span class='ocr_line' id='line_1_22' title="bbox 254 3498 1219 3602; baseline 0.009 -35"><span class='ocrx_word' id='word_1_128' title='bbox 254 3498 363 3596; x_wconf 83' lang='lat' dir='ltr'><strong>galem</strong></span> <span class='ocrx_word' id='word_1_129' title='bbox 393 3500 463 3573; x_wconf 84' lang='lat' dir='ltr'><strong>ullo</strong></span> <span class='ocrx_word' id='word_1_130' title='bbox 497 3501 600 3573; x_wconf 92' lang='lat' dir='ltr'><strong>modo</strong></span> <span class='ocrx_word' id='word_1_131' title='bbox 633 3503 764 3602; x_wconf 85' lang='lat' dir='ltr'><strong>rupisse</strong></span> <span class='ocrx_word' id='word_1_132' title='bbox 801 3503 866 3576; x_wconf 89' lang='lat' dir='ltr'><strong>dici</strong></span> <span class='ocrx_word' id='word_1_133' title='bbox 893 3516 1020 3602; x_wconf 86' lang='lat' dir='ltr'><strong>potest:</strong></span> <span class='ocrx_word' id='word_1_134' title='bbox 1058 3500 1219 3601; x_wconf 87' lang='lat' dir='ltr'><strong>iniquum</strong></span> 
     </span>
     <span class='ocr_line' id='line_1_23' title="bbox 254 3615 1211 3720; baseline 0.005 -35"><span class='ocrx_word' id='word_1_135' title='bbox 254 3615 358 3712; x_wconf 83' lang='lat' dir='ltr'><strong>igitur</strong></span> <span class='ocrx_word' id='word_1_136' title='bbox 393 3619 499 3710; x_wconf 85' lang='lat' dir='ltr'><strong>foret,</strong></span> <span class='ocrx_word' id='word_1_137' title='bbox 537 3645 615 3693; x_wconf 88' lang='lat' dir='ltr'><strong>eum</strong></span> <span class='ocrx_word' id='word_1_138' title='bbox 651 3620 887 3693; x_wconf 89' lang='lat' dir='ltr'><strong>detrimentum</strong></span> <span class='ocrx_word' id='word_1_139' title='bbox 928 3647 1043 3720; x_wconf 87' lang='lat' dir='ltr'><strong>capere</strong></span> <span class='ocrx_word' id='word_1_140' title='bbox 1080 3649 1122 3697; x_wconf 84' lang='lat' dir='ltr'><strong>ex</strong></span> <span class='ocrx_word' id='word_1_141' title='bbox 1139 3647 1211 3693; x_wconf 76' lang='lat' dir='ltr'>&#39;sua</span> 
     </span>
    </p>
   </div>
   <div class='ocr_carea' id='block_1_9' title="bbox 205 3737 1248 3971">
    <p class='ocr_par' dir='ltr' id='par_1_10' title="bbox 205 3737 1248 3971">
     <span class='ocr_line' id='line_1_24' title="bbox 205 3737 1211 3848; baseline 0.005 -38"><span class='ocrx_word' id='word_1_142' title='bbox 205 3789 206 3793; x_wconf 54' lang='lat'><em>=</em></span> <span class='ocrx_word' id='word_1_143' title='bbox 252 3737 453 3820; x_wconf 84' lang='lat' dir='ltr'><strong>infelicitate.</strong></span> <span class='ocrx_word' id='word_1_144' title='bbox 500 3740 733 3819; x_wconf 79' lang='lat' dir='ltr'><strong>Fidemsuam</strong></span> <span class='ocrx_word' id='word_1_145' title='bbox 752 3744 843 3820; x_wconf 82' lang='lat' dir='ltr'><strong>enim</strong></span> <span class='ocrx_word' id='word_1_146' title='bbox 857 3759 986 3837; x_wconf 87' lang='lat' dir='ltr'><strong>servat,</strong></span> <span class='ocrx_word' id='word_1_147' title='bbox 1011 3774 1116 3848; x_wconf 88' lang='lat' dir='ltr'><strong>qnare</strong></span> <span class='ocrx_word' id='word_1_148' title='bbox 1130 3747 1211 3818; x_wconf 87' lang='lat' dir='ltr'><strong>alter</strong></span> 
     </span>
     <span class='ocr_line' id='line_1_25' title="bbox 253 3865 1248 3971; baseline 0.008 -35"><span class='ocrx_word' id='word_1_149' title='bbox 253 3865 374 3961; x_wconf 87' lang='lat' dir='ltr'><strong>conjux</strong></span> <span class='ocrx_word' id='word_1_150' title='bbox 402 3867 444 3937; x_wconf 87' lang='lat' dir='ltr'><strong>ab</strong></span> <span class='ocrx_word' id='word_1_151' title='bbox 470 3869 526 3940; x_wconf 83' lang='lat' dir='ltr'><strong>illa</strong></span> <span class='ocrx_word' id='word_1_152' title='bbox 546 3869 762 3947; x_wconf 85' lang='lat' dir='ltr'><strong>liberaretur:</strong></span> <span class='ocrx_word' id='word_1_153' title='bbox 787 3873 870 3971; x_wconf 89' lang='lat' dir='ltr'>quid</span> <span class='ocrx_word' id='word_1_154' title='bbox 893 3873 995 3946; x_wconf 89' lang='lat' dir='ltr'><strong>etiam</strong></span> <span class='ocrx_word' id='word_1_155' title='bbox 1020 3871 1248 3958; x_wconf 70' lang='lat' dir='ltr'>absurdius‚“</span> 
     </span>
    </p>
   </div>
   <div class='ocr_carea' id='block_1_10' title="bbox 0 0 1289 4770">
    <p class='ocr_par' dir='ltr' id='par_1_11' title="bbox 0 0 1289 4770">
     <span class='ocr_line' id='line_1_26' title="bbox 0 0 1289 4770; baseline 0 0"><span class='ocrx_word' id='word_1_156' title='bbox 0 0 1289 4770; x_wconf 95' lang='lat' dir='ltr'><strong> </strong></span> 
     </span>
    </p>
   </div>
  </div>
 </body>
</html>
