2564 4770
574 436 746 562 336

133 654 136 660 ·
243 649 325 721 ram
347 658 423 718 sunt
444 645 634 737 habenae,
663 648 692 717 si
716 619 846 717 roem
861 644 984 716 hasen
1015 646 1106 742 apua
1129 646 1205 745 pie-

243 774 345 863 bem,
372 797 456 870 quae
483 772 676 866 rudioribus
699 785 730 844 et
745 773 866 843 minus
892 770 1030 842 excultis
1051 772 1203 842 moribus

242 901 372 988 utitur,
408 910 446 969 et·
468 898 556 995 apud
586 923 690 999 quam
718 899 830 997 itaque
858 897 937 968 talia
961 895 1050 968 dicta
1077 897 1204 973 factave

177 1012 180 1016 ⁴
241 1024 325 1096 nihil
349 1022 671 1115 extraordinarium,
714 1023 799 1095 nihil
834 1023 1032 1121 injuriosum
1070 1022 1201 1097 habent

241 1150 441 1248 legislatori
476 1150 597 1222 sufficit
631 1149 855 1248 praescribere
882 1148 1068 1246 generalem
1101 1173 1202 1247 regu-

240 1276 329 1365 lam,
366 1275 560 1376 prudentiae
589 1275 708 1371 judicis
724 1274 929 1347 mandatnm
958 1287 1009 1347 est
1033 1273 1127 1363 illam
1150 1281 1217 1347 re-'

239 1401 355 1498 gulam
385 1400 428 1472 ad
453 1399 609 1498 speciales
633 1400 801 1500 applicare
831 1426 926 1472 casus
957 1399 1026 1499 (l).

288 1520 387 1599 Cum
408 1542 519 1600 antem
558 1529 699 1602 saevitae
735 1544 769 1598 et
796 1528 936 1623 injuriae
965 1527 1039 1598 talis
1073 1528 1203 1625 generis

238 1679 308 1726 esse
328 1654 478 1751 possint,
510 1666 547 1724 ut
566 1678 631 1753 pro
654 1656 729 1753 ipso
743 1655 905 1753 temporis
928 1666 1098 1726 momento
1121 1653 1202 1750 qui-

40 1866 44 1877 ·
142 1849 145 1854 ,
238 1777 314 1851 dem
338 1780 443 1855 vitam
458 1805 672 1851 communem
694 1779 936 1852 intolerabilem
959 1779 1114 1868 reddant,
1143 1778 1202 1851 sed

239 1918 349 2022 tamen
371 1907 482 1977 omnis
505 1931 579 2006 spes
604 1904 878 1979 reconciliationis
901 1903 1050 2017 nopdum
1073 1903 1202 1975 sublata

238 2031 301 2118 sit,
341 2031 494 2128 fortasse
522 2031 697 2130 prudentis
733 2045 767 2102 et
810 2031 967 2128 sapientis
1004 2029 1201 2130 legislatoris

119 2237 123 2245 ,
237 2167 343 2244 esset,
397 2154 499 2250 judici
540 2155 728 2226 facultatem
771 2154 870 2243 dare,
900 2169 952 2226 *ut
989 2182 1053 2253 pro
1090 2180 1201 2228 rerum

236 2280 492 2353 circumstantiis
518 2280 573 2356 rel
594 2280 709 2352 statim
734 2277 893 2352 concedat
918 2279 1121 2374 divortium,
1147 2281 1200 2358 rel

235 2406 385 2504 primum
409 2419 541 2480 tantum
569 2408 742 2504 permittat
771 2406 1013 2504 separationem
1040 2408 1200 2504 proviso-

235 2530 344 2619 riam,
374 2548 467 2629 'quae
503 2533 531 2604 si
566 2558 628 2629 per
656 2533 734 2604 satis
767 2508 909 2631 longum
936 2547 1068 2632 tempus
1093 2534 1199 2623 dura-
1252 2519 1256 2527 .

234 2655 338 2730 visset
366 2682 400 2742 r.
428 2683 456 2731 c.
484 2682 554 2756 per
588 2683 695 2731 unum
722 2659 776 2733 vel
816 2658 900 2732 duos
934 2674 1064 2752 annos,
1106 2661 1197 2733 nulla

234 2781 420 2858 interventa
452 2762 740 2876 reconciliatione,
776 2799 910 2887 petente
940 2789 1103 2886 conjuge,
1139 2788 1198 2886 qui

233 2910 399 2982 actionem
422 2910 586 3002 instituit,
614 2913 739 2987 mutari
753 2911 921 2984 debuisset
932 2914 968 2983 in
990 2901 1195 3004 divortium,

48 3048 51 3055 '
177 3050 179 3053 ’
230 3035 419 3107 tamenim
439 3034 518 3107 satis
542 3050 726 3125 constaret,
757 3061 893 3108 omnem
919 3036 1195 3115 reconciliationis

232 3155 331 3256 spem*
365 3159 531 3232 sublatam
565 3185 669 3248 esse,
689 3172 788 3257 atque
824 3160 912 3233 rixas
947 3174 982 3233 et
1011 3161 1195 3235 discordias
1266 3184 1269 3188 ’

230 3287 302 3382 ejus
327 3309 397 3358 esse
422 3284 576 3383 generis,
611 3297 651 3357 ut
686 3310 722 3357 re
746 3310 825 3361 vera
851 3287 1032 3383 praebeant
1059 3313 1191 3362 causam

100 3390 103 3395 ¹
228 3410 413 3488 divertendi
441 3410 511 3512 (2).

198 3773 206 3795 ⁹
258 3770 300 3838 (1)
319 3768 445 3838 Locart,
464 3776 485 3826 1.
502 3777 521 3829 l.
536 3795 563 3843 p.
582 3777 641 3829 119.

255 3859 297 3929 (2)
314 3858 423 4003 ἐξιοῦσα.
444 3866 651 3922 sinautem
665 3867 867 3941 taculmjudiei
876 3869 1041 3930 conccffitur·
1061 3874 1195 3941 Art-²592
