2564 4770
244 314 247 323 ’
381 458 384 466 ,
516 335 785 445 russas.)

153 579 380 653 conductionis
406 577 545 654 dissolvi
571 582 715 654 emtione
740 581 945 674 venditione,
978 586 1106 686 quippe

154 705 246 807 quod
275 707 372 781 saluti
390 705 543 806 publicae
568 708 705 780 omnino
726 723 776 780 est
800 710 1014 785 contr-arium.
1069 792 1072 800 ,

600 915 663 1032 Ινζ

108 1214 114 1221 ”
201 1207 254 1278 Ex
288 1205 461 1306 principiis
481 1154 580 1304 'juris
617 1203 778 1280 hodierni
807 1158 907 1282 lileri'
943 1209 1109 1282 naturales

153 1332 259 1431 agniti
283 1356 353 1403 non
380 1320 521 1433 possunt
547 1331 699 1432 adoptari
728 1350 748 1407 a
774 1334 977 1432 parentibus.

552 1582 658 1654 ,p

205 1831 461 1908 Testamentum
482 1829 630 1930 legitime
657 1830 805 1921 facturn,
827 1856 895 1903 non
921 1843 1032 1929 potest
1055 1857 1112 1903 re-

93 2055 95 2060 ,
160 1956 275 2033 vocari
296 1957 532 2046 instrumento,
555 1983 575 2027 a
592 1966 748 2028 testatore
767 1934 915 2058 scripto,
938 1956 1111 2056 subscrip-

118 2123 123 2136 κ
160 2094 196 2152 to
213 2095 246 2158 et
263 2094 413 2178 ternpore
432 2093 607 2171 annotato,
628 2093 661 2154 et
683 2082 786 2180 igitur
806 2084 918 2156 omnia
935 2078 1115 2181 testamen-

156 2206 188 2301 ti
201 2205 403 2308 holographi
418 2208 580 2308 requisila
593 2187 754 2309 habente,
774 2209 804 2283 si
822 2209 856 2281 id
875 2207 1008 2285 nullum
1026 2209 1115 2282 eliud

160 2329 328 2426 contineat
350 2334 555 2410 mandatum.

587 2576 593 2585 ’
612 2584 675 2657 VI.

211 2832 301 2906 Cum
328 2831 400 2905 Art.
416 2832 474 2906 66.
503 2833 544 2906 C.
558 2834 598 2906 P.
624 2857 700 2906 reus
729 2831 772 2903 ab
801 2833 1007 2906 accusatione
1030 2831 1119 2909 libe-
1172 2886 1177 2892 -

163 2925 241 3030 rari*
265 2957 394 3032 dicatur
424 2959 453 3029 si
480 2958 595 3030 minor
616 2971 666 3031 est
683 2959 735 3033 16.
754 2958 866 3049 annis,
893 2984 960 3030 non
984 2972 1120 3063 tempus

165 3084 404 3174 accusationis,
430 3081 501 3182 'sed
525 3097 657 3183 tempus
687 3084 858 3156 commissi
887 3083 1000 3158 delicti
1024 3112 1123 3189 spec-

165 3209 303 3285 tandum
332 3223 391 3284 est.
507 3218 513 3229 '

516 3360 538 3377 ⁹
603 3402 685 3474 vu.

215 3585 329 3658 Verba
357 3586 428 3660 Art.
455 3585 535 3660 323.
565 3585 606 3664 C.
633 3589 673 3660 P.
723 3585 810 3659 nLc
841 3585 1005 3690 parricide
1043 3597 1123 3661 a’eat

169 3708 315 3813 »jaracis
341 3709 507 3785 conualle
515 3720 538 3753 '’
575 3724 707 3787 tantum
730 3714 896 3833 pertinent
921 3711 969 3823 ad
992 3738 1120 3813 provo-

170 3836 334 3914 cationem
360 3838 401 3912 de
429 3866 496 3939 qua
520 3841 630 3940 agitur
655 3843 727 3918 Art.
755 3840 835 3917 321.
927 3832 933 3845 ⁸
