2564 4770
549 443 553 453 ·
606 409 650 481 10

199 622 412 723 ¹Separatione
427 620 515 694 thori
527 634 560 693 et
578 645 709 693 mensae
732 633 843 693 autem
866 620 995 693 tollitur
1018 602 1097 724 qui-

155 749 231 823 dem
255 747 455 821 cohabitatio
478 747 563 818 inter
585 748 759 844 conjuges,
791 760 824 818 et
849 747 1110 823 bonorum‘se-·

140 910 142 917 ⁴
153 877 283 975 paratio
296 875 496 963 instituitur,
519 843 725 964 matrimonii
740 870 912 968 vinculum
932 899 1010 949 vero
1030 900 1099 948 non

156 1000 367 1091 dissolvitur,
400 1012 432 1070 et
457 999 560 1097 igitur
591 999 750 1096 conjuges
777 999 918 1096 separati
947 1000 992 1087 ad
1012 988 1100 1076 nora

156 1140 236 1201 vota
258 1126 396 1198 transire
424 1142 492 1196 non
518 1136 672 1220 possamt,
695 1123 752 1196 sed
779 1125 978 1223 poenitentia
992 1126 1101 1216 ducti,

156 1251 210 1327 vel
236 1251 370 1349 pristini
397 1247 520 1321 amoris
546 1273 727 1339 memores,
758 1257 887 1350 semper
909 1251 1103 1325 reconcilia·
1142 1236 1145 1241 ’

157 1377 247 1450 tione
285 1401 344 1448 sua
378 1376 503 1476 efficere
535 1389 693 1474 possunt,
730 1390 768 1448 ut
796 1371 960 1476 separatio
989 1393 1099 1452 oesset

169 1543 172 1551 ·
204 1503 350 1577 Maxima
386 1503 489 1601 igi't'ur
516 1501 698 1586 differentia
732 1501 916 1579 divortium
950 1505 1035 1583 inter
1072 1518 1106 1576 et
1136 1570 1141 1584 ,

157 1629 396 1725 separationem
420 1628 525 1733 thori·
540 1642 572 1700 et
599 1653 729 1700 mensae
753 1655 790 1702 ea
817 1628 923 1704 adest:
948 1630 1038 1729 quod
1061 1630 1106 1701 il-

157 1755 214 1828 lud
243 1755 352 1832 solvat
377 1755 526 1854 nuptias,
562 1753 753 1839 haecrero
781 1781 847 1826 non
863 1760 876 1852 (
884 1757 930 1848 1).

591 2003 681 2112 sn.

184 2198 394 2336 De'divortii
414 2258 609 2360 praestantia
630 2229 760 2358 politica
777 2285 861 2362 pree
884 2263 1084 2363 .seporntione

491 2374 577 2460 thori
598 2394 628 2462 et
650 2409 784 2460 manae.
859 2405 860 2408 ’

207 2631 364 2704 Vid‘unus
390 2630 471 2729 qnid
505 2633 549 2704 sit
573 2631 779 2723 diuortium,
810 2619 1109 2738 quidfseparatio,

161 2762 229 2858 jum
248 2776 350 2831 ¹nursia
373 2757 632 2857 inquinandum,
666 2759 729 2857 qui
757 2757 882 2832 *modus
916 2763 1134 2857 praestantia

161 2912 221 2959 sua
245 2885 380 2985 politica
417 2912 467 2959 se.
486 2884 709 2962 commendat.
768 2888 900 2959 Hanaoe
916 2887 1116 2981 inquisitio-

163 3037 239 3082 nem
260 3012 364 3082 thncee
376 3012 480 3084 modo
499 3000 725 3084 instituemus:
752 3013 797 3082 1⁰.
821 3009 956 3080 effectus
977 3008 1114 3087 divortii

161 3147 196 3207 et
216 3109 439 3234 separationis
453 3135 543 3206 thori
560 3150 599 3207 et
621 3160 752 3236 mensae
770 3137 896 3207 ratione
915 3138 1114 3236 conjugum,

163 3264 212 3337 2⁰.
243 3247 368 3333 ratione
395 3260 601 3352 liberorum,
630 3263 681 3338 3⁰.
706 3263 835 3336 ratione
859 3264 1002 3339 civitatis
1020 3277 1116 3336 trana-

56 3469 58 3473 ,
164 3390 322 3464 tabimus.

144 3565 145 3570 =
183 3535 185 3544 ⁴
237 3519 282 3591 1⁰.
330 3515 474 3590 Ratione
495 3516 674 3625 corpoporis.
723 3519 880 3596 Divertio
913 3516 1012 3618 plane
1043 3517 1144 3590 dis-w

165 3635 309 3720 solvitur
332 3644 607 3738 matrimonium,
628 3648 832 3746 separatione
860 3659 938 3718 non
956 3644 1058 3735 item,
1081 3656 1117 3717 ut

199 3919 240 3990 (l)
260 3919 486 3986 soanens,1.1.
504 3941 531 3991 p.
550 3924 591 3976 30.
631 3914 637 3928 '
727 3998 730 4004 1
782 3879 784 3887 i
